% Encoding: UTF-8

@InProceedings{DBLP:conf/focs/Yao86,
  author    = {Andrew Chi{-}Chih Yao},
  title     = {How to Generate and Exchange Secrets (Extended Abstract)},
  booktitle = {27th Annual Symposium on Foundations of Computer Science, Toronto, Canada, 27-29 October 1986},
  year      = {1986},
  pages     = {162--167},
  bibsource = {dblp computer science bibliography, https://dblp.org},
  biburl    = {https://dblp.org/rec/bib/conf/focs/Yao86},
  crossref  = {DBLP:conf/focs/FOCS27},
  doi       = {10.1109/SFCS.1986.25},
  timestamp = {Wed, 16 Oct 2019 14:14:54 +0200},
  url       = {https://doi.org/10.1109/SFCS.1986.25},
}

@InProceedings{DBLP:conf/stoc/GoldreichMW87,
  author    = {Oded Goldreich and Silvio Micali and Avi Wigderson},
  title     = {How to Play any Mental Game or {A} Completeness Theorem for Protocols with Honest Majority},
  booktitle = {Proceedings of the 19th Annual {ACM} Symposium on Theory of Computing, 1987, New York, New York, {USA}},
  year      = {1987},
  pages     = {218--229},
  bibsource = {dblp computer science bibliography, https://dblp.org},
  biburl    = {https://dblp.org/rec/bib/conf/stoc/GoldreichMW87},
  crossref  = {DBLP:conf/stoc/STOC19},
  doi       = {10.1145/28395.28420},
  timestamp = {Mon, 26 Nov 2018 15:05:57 +0100},
  url       = {https://doi.org/10.1145/28395.28420},
}

@InProceedings{DBLP:conf/stoc/BeaverMR90,
  author    = {Donald Beaver and Silvio Micali and Phillip Rogaway},
  title     = {The Round Complexity of Secure Protocols (Extended Abstract)},
  booktitle = {Proceedings of the 22nd Annual {ACM} Symposium on Theory of Computing, May 13-17, 1990, Baltimore, Maryland, {USA}},
  year      = {1990},
  pages     = {503--513},
  bibsource = {dblp computer science bibliography, https://dblp.org},
  biburl    = {https://dblp.org/rec/bib/conf/stoc/BeaverMR90},
  crossref  = {DBLP:conf/stoc/STOC22},
  doi       = {10.1145/100216.100287},
  timestamp = {Tue, 06 Nov 2018 11:07:04 +0100},
  url       = {https://doi.org/10.1145/100216.100287},
}

@InProceedings{DBLP:conf/eurocrypt/LindellP07,
  author    = {Yehuda Lindell and Benny Pinkas},
  title     = {An Efficient Protocol for Secure Two-Party Computation in the Presence of Malicious Adversaries},
  booktitle = {Advances in Cryptology - {EUROCRYPT} 2007, 26th Annual International Conference on the Theory and Applications of Cryptographic Techniques, Barcelona, Spain, May 20-24, 2007, Proceedings},
  year      = {2007},
  pages     = {52--78},
  bibsource = {dblp computer science bibliography, https://dblp.org},
  biburl    = {https://dblp.org/rec/bib/conf/eurocrypt/LindellP07},
  crossref  = {DBLP:conf/eurocrypt/2007},
  doi       = {10.1007/978-3-540-72540-4\_4},
  file      = {:LP07-fullversion.pdf:PDF},
  timestamp = {Tue, 14 May 2019 10:00:53 +0200},
  url       = {https://doi.org/10.1007/978-3-540-72540-4\_4},
}

@InProceedings{DBLP:conf/icalp/KolesnikovS08,
  author    = {Vladimir Kolesnikov and Thomas Schneider},
  title     = {Improved Garbled Circuit: Free {XOR} Gates and Applications},
  booktitle = {Automata, Languages and Programming, 35th International Colloquium, {ICALP} 2008, Reykjavik, Iceland, July 7-11, 2008, Proceedings, Part {II} - Track {B:} Logic, Semantics, and Theory of Programming {\&} Track {C:} Security and Cryptography Foundations},
  year      = {2008},
  pages     = {486--498},
  bibsource = {dblp computer science bibliography, https://dblp.org},
  biburl    = {https://dblp.org/rec/bib/conf/icalp/KolesnikovS08},
  crossref  = {DBLP:conf/icalp/2008-2},
  doi       = {10.1007/978-3-540-70583-3\_40},
  file      = {:Improved Garbled Circuit Free XOR Gates and.pdf:PDF},
  timestamp = {Tue, 14 May 2019 10:00:44 +0200},
  url       = {https://doi.org/10.1007/978-3-540-70583-3\_40},
}

@InProceedings{DBLP:conf/asiacrypt/PinkasSSW09,
  author    = {Benny Pinkas and Thomas Schneider and Nigel P. Smart and Stephen C. Williams},
  title     = {Secure Two-Party Computation Is Practical},
  booktitle = {Advances in Cryptology - {ASIACRYPT} 2009, 15th International Conference on the Theory and Application of Cryptology and Information Security, Tokyo, Japan, December 6-10, 2009. Proceedings},
  year      = {2009},
  pages     = {250--267},
  bibsource = {dblp computer science bibliography, https://dblp.org},
  biburl    = {https://dblp.org/rec/bib/conf/asiacrypt/PinkasSSW09},
  crossref  = {DBLP:conf/asiacrypt/2009},
  doi       = {10.1007/978-3-642-10366-7\_15},
  file      = {:Secure Two-Party Computation Is Practical.pdf:PDF},
  timestamp = {Tue, 14 May 2019 10:00:40 +0200},
  url       = {https://doi.org/10.1007/978-3-642-10366-7\_15},
}

@InProceedings{DBLP:conf/tcc/NielsenO09,
  author    = {Jesper Buus Nielsen and Claudio Orlandi},
  title     = {{LEGO} for Two-Party Secure Computation},
  booktitle = {Theory of Cryptography, 6th Theory of Cryptography Conference, {TCC} 2009, San Francisco, CA, USA, March 15-17, 2009. Proceedings},
  year      = {2009},
  pages     = {368--386},
  bibsource = {dblp computer science bibliography, https://dblp.org},
  biburl    = {https://dblp.org/rec/bib/conf/tcc/NielsenO09},
  crossref  = {DBLP:conf/tcc/2009},
  doi       = {10.1007/978-3-642-00457-5\_22},
  timestamp = {Tue, 14 May 2019 10:00:47 +0200},
  url       = {https://doi.org/10.1007/978-3-642-00457-5\_22},
}

@InProceedings{DBLP:conf/crypto/DamgardO10,
  author    = {Ivan Damg{\aa}rd and Claudio Orlandi},
  title     = {Multiparty Computation for Dishonest Majority: From Passive to Active Security at Low Cost},
  booktitle = {Advances in Cryptology - {CRYPTO} 2010, 30th Annual Cryptology Conference, Santa Barbara, CA, USA, August 15-19, 2010. Proceedings},
  year      = {2010},
  pages     = {558--576},
  bibsource = {dblp computer science bibliography, https://dblp.org},
  biburl    = {https://dblp.org/rec/bib/conf/crypto/DamgardO10},
  crossref  = {DBLP:conf/crypto/2010},
  doi       = {10.1007/978-3-642-14623-7\_30},
  timestamp = {Tue, 14 May 2019 10:00:48 +0200},
  url       = {https://doi.org/10.1007/978-3-642-14623-7\_30},
}

@InProceedings{DBLP:conf/tcc/LindellP11,
  author    = {Yehuda Lindell and Benny Pinkas},
  title     = {Secure Two-Party Computation via Cut-and-Choose Oblivious Transfer},
  booktitle = {Theory of Cryptography - 8th Theory of Cryptography Conference, {TCC} 2011, Providence, RI, USA, March 28-30, 2011. Proceedings},
  year      = {2011},
  pages     = {329--346},
  bibsource = {dblp computer science bibliography, https://dblp.org},
  biburl    = {https://dblp.org/rec/bib/conf/tcc/LindellP11},
  crossref  = {DBLP:conf/tcc/2011},
  doi       = {10.1007/978-3-642-19571-6\_20},
  file      = {:LP11.pdf:PDF},
  timestamp = {Tue, 14 May 2019 10:00:47 +0200},
  url       = {https://doi.org/10.1007/978-3-642-19571-6\_20},
}

@InProceedings{DBLP:conf/crypto/NielsenNOB12,
  author    = {Jesper Buus Nielsen and Peter Sebastian Nordholt and Claudio Orlandi and Sai Sheshank Burra},
  title     = {A New Approach to Practical Active-Secure Two-Party Computation},
  booktitle = {Advances in Cryptology - {CRYPTO} 2012 - 32nd Annual Cryptology Conference, Santa Barbara, CA, USA, August 19-23, 2012. Proceedings},
  year      = {2012},
  pages     = {681--700},
  bibsource = {dblp computer science bibliography, https://dblp.org},
  biburl    = {https://dblp.org/rec/bib/conf/crypto/NielsenNOB12},
  crossref  = {DBLP:conf/crypto/2012},
  doi       = {10.1007/978-3-642-32009-5\_40},
  timestamp = {Tue, 14 May 2019 10:00:48 +0200},
  url       = {https://doi.org/10.1007/978-3-642-32009-5\_40},
}

@InProceedings{DBLP:conf/sp/BellareHKR13,
  author    = {Mihir Bellare and Viet Tung Hoang and Sriram Keelveedhi and Phillip Rogaway},
  title     = {Efficient Garbling from a Fixed-Key Blockcipher},
  booktitle = {2013 {IEEE} Symposium on Security and Privacy, {SP} 2013, Berkeley, CA, USA, May 19-22, 2013},
  year      = {2013},
  pages     = {478--492},
  bibsource = {dblp computer science bibliography, https://dblp.org},
  biburl    = {https://dblp.org/rec/bib/conf/sp/BellareHKR13},
  crossref  = {DBLP:conf/sp/2013},
  doi       = {10.1109/SP.2013.39},
  file      = {:Efficient Garbling from a Fixed-Key Blockcipher.pdf:PDF},
  timestamp = {Fri, 26 May 2017 00:50:07 +0200},
  url       = {https://doi.org/10.1109/SP.2013.39},
}

@InProceedings{DBLP:conf/crypto/Lindell13,
  author    = {Yehuda Lindell},
  title     = {Fast Cut-and-Choose Based Protocols for Malicious and Covert Adversaries},
  booktitle = {Advances in Cryptology - {CRYPTO} 2013 - 33rd Annual Cryptology Conference, Santa Barbara, CA, USA, August 18-22, 2013. Proceedings, Part {II}},
  year      = {2013},
  pages     = {1--17},
  bibsource = {dblp computer science bibliography, https://dblp.org},
  biburl    = {https://dblp.org/rec/bib/conf/crypto/Lindell13},
  crossref  = {DBLP:conf/crypto/2013-2},
  doi       = {10.1007/978-3-642-40084-1\_1},
  file      = {:Lin13.pdf:PDF},
  timestamp = {Tue, 14 May 2019 10:00:48 +0200},
  url       = {https://doi.org/10.1007/978-3-642-40084-1\_1},
}

@InProceedings{DBLP:conf/crypto/LindellR14,
  author    = {Yehuda Lindell and Ben Riva},
  title     = {Cut-and-Choose Yao-Based Secure Computation in the Online/Offline and Batch Settings},
  booktitle = {Advances in Cryptology - {CRYPTO} 2014 - 34th Annual Cryptology Conference, Santa Barbara, CA, USA, August 17-21, 2014, Proceedings, Part {II}},
  year      = {2014},
  pages     = {476--494},
  bibsource = {dblp computer science bibliography, https://dblp.org},
  biburl    = {https://dblp.org/rec/bib/conf/crypto/LindellR14},
  crossref  = {DBLP:conf/crypto/2014-2},
  doi       = {10.1007/978-3-662-44381-1\_27},
  file      = {:LR14.pdf:PDF},
  timestamp = {Tue, 14 May 2019 10:00:48 +0200},
  url       = {https://doi.org/10.1007/978-3-662-44381-1\_27},
}

@InProceedings{DBLP:conf/crypto/LarraiaOS14,
  author    = {Enrique Larraia and Emmanuela Orsini and Nigel P. Smart},
  title     = {Dishonest Majority Multi-Party Computation for Binary Circuits},
  booktitle = {Advances in Cryptology - {CRYPTO} 2014 - 34th Annual Cryptology Conference, Santa Barbara, CA, USA, August 17-21, 2014, Proceedings, Part {II}},
  year      = {2014},
  pages     = {495--512},
  bibsource = {dblp computer science bibliography, https://dblp.org},
  biburl    = {https://dblp.org/rec/bib/conf/crypto/LarraiaOS14},
  crossref  = {DBLP:conf/crypto/2014-2},
  doi       = {10.1007/978-3-662-44381-1\_28},
  timestamp = {Tue, 14 May 2019 10:00:48 +0200},
  url       = {https://doi.org/10.1007/978-3-662-44381-1\_28},
}

@InProceedings{DBLP:conf/eurocrypt/ZahurRE15,
  author    = {Samee Zahur and Mike Rosulek and David Evans},
  title     = {Two Halves Make a Whole - Reducing Data Transfer in Garbled Circuits Using Half Gates},
  booktitle = {Advances in Cryptology - {EUROCRYPT} 2015 - 34th Annual International Conference on the Theory and Applications of Cryptographic Techniques, Sofia, Bulgaria, April 26-30, 2015, Proceedings, Part {II}},
  year      = {2015},
  pages     = {220--250},
  bibsource = {dblp computer science bibliography, https://dblp.org},
  biburl    = {https://dblp.org/rec/bib/conf/eurocrypt/ZahurRE15},
  crossref  = {DBLP:conf/eurocrypt/2015-2},
  doi       = {10.1007/978-3-662-46803-6\_8},
  file      = {:Two Halves Make a Whole.pdf:PDF},
  timestamp = {Tue, 20 Aug 2019 15:26:56 +0200},
  url       = {https://doi.org/10.1007/978-3-662-46803-6\_8},
}

@InProceedings{DBLP:conf/ccs/LindellR15,
  author    = {Yehuda Lindell and Ben Riva},
  title     = {Blazing Fast 2PC in the Offline/Online Setting with Security for Malicious Adversaries},
  booktitle = {Proceedings of the 22nd {ACM} {SIGSAC} Conference on Computer and Communications Security, Denver, CO, USA, October 12-16, 2015},
  year      = {2015},
  pages     = {579--590},
  bibsource = {dblp computer science bibliography, https://dblp.org},
  biburl    = {https://dblp.org/rec/bib/conf/ccs/LindellR15},
  crossref  = {DBLP:conf/ccs/2015},
  doi       = {10.1145/2810103.2813666},
  file      = {:LR15.pdf:PDF},
  timestamp = {Tue, 06 Nov 2018 11:07:30 +0100},
  url       = {https://doi.org/10.1145/2810103.2813666},
}

@InProceedings{DBLP:conf/uss/RindalR16,
  author    = {Peter Rindal and Mike Rosulek},
  title     = {Faster Malicious 2-Party Secure Computation with Online/Offline Dual Execution},
  booktitle = {25th {USENIX} Security Symposium, {USENIX} Security 16, Austin, TX, USA, August 10-12, 2016.},
  year      = {2016},
  pages     = {297--314},
  bibsource = {dblp computer science bibliography, https://dblp.org},
  biburl    = {https://dblp.org/rec/bib/conf/uss/RindalR16},
  crossref  = {DBLP:conf/uss/2016},
  file      = {:RR16 USENIX.pdf:PDF},
  timestamp = {Mon, 05 Sep 2016 15:43:05 +0200},
  url       = {https://www.usenix.org/conference/usenixsecurity16/technical-sessions/presentation/rindal},
}

@InProceedings{DBLP:conf/ccs/BallMR16,
  author    = {Marshall Ball and Tal Malkin and Mike Rosulek},
  title     = {Garbling Gadgets for Boolean and Arithmetic Circuits},
  booktitle = {Proceedings of the 2016 {ACM} {SIGSAC} Conference on Computer and Communications Security, Vienna, Austria, October 24-28, 2016},
  year      = {2016},
  pages     = {565--577},
  bibsource = {dblp computer science bibliography, https://dblp.org},
  biburl    = {https://dblp.org/rec/bib/conf/ccs/BallMR16},
  crossref  = {DBLP:conf/ccs/2016},
  doi       = {10.1145/2976749.2978410},
  file      = {:BMR16 CCS.pdf:PDF},
  timestamp = {Tue, 06 Nov 2018 11:07:30 +0100},
  url       = {https://doi.org/10.1145/2976749.2978410},
}

@InProceedings{DBLP:conf/ccs/KellerOS16,
  author    = {Marcel Keller and Emmanuela Orsini and Peter Scholl},
  title     = {{MASCOT:} Faster Malicious Arithmetic Secure Computation with Oblivious Transfer},
  booktitle = {Proceedings of the 2016 {ACM} {SIGSAC} Conference on Computer and Communications Security, Vienna, Austria, October 24-28, 2016},
  year      = {2016},
  pages     = {830--842},
  bibsource = {dblp computer science bibliography, https://dblp.org},
  biburl    = {https://dblp.org/rec/bib/conf/ccs/KellerOS16},
  crossref  = {DBLP:conf/ccs/2016},
  doi       = {10.1145/2976749.2978357},
  timestamp = {Tue, 06 Nov 2018 11:07:29 +0100},
  url       = {https://doi.org/10.1145/2976749.2978357},
}

@InProceedings{DBLP:conf/eurocrypt/WangMK17,
  author    = {Xiao Wang and Alex J. Malozemoff and Jonathan Katz},
  title     = {Faster Secure Two-Party Computation in the Single-Execution Setting},
  booktitle = {Advances in Cryptology - {EUROCRYPT} 2017 - 36th Annual International Conference on the Theory and Applications of Cryptographic Techniques, Paris, France, April 30 - May 4, 2017, Proceedings, Part {III}},
  year      = {2017},
  pages     = {399--424},
  bibsource = {dblp computer science bibliography, https://dblp.org},
  biburl    = {https://dblp.org/rec/bib/conf/eurocrypt/WangMK17},
  crossref  = {DBLP:conf/eurocrypt/2017-3},
  doi       = {10.1007/978-3-319-56617-7\_14},
  file      = {:WMK17  欧密.pdf:PDF},
  timestamp = {Tue, 14 May 2019 10:00:54 +0200},
  url       = {https://doi.org/10.1007/978-3-319-56617-7\_14},
}

@InProceedings{DBLP:conf/ccs/WangRK17,
  author    = {Xiao Wang and Samuel Ranellucci and Jonathan Katz},
  title     = {Authenticated Garbling and Efficient Maliciously Secure Two-Party Computation},
  booktitle = {Proceedings of the 2017 {ACM} {SIGSAC} Conference on Computer and Communications Security, {CCS} 2017, Dallas, TX, USA, October 30 - November 03, 2017},
  year      = {2017},
  pages     = {21--37},
  bibsource = {dblp computer science bibliography, https://dblp.org},
  biburl    = {https://dblp.org/rec/bib/conf/ccs/WangRK17},
  crossref  = {DBLP:conf/ccs/2017},
  doi       = {10.1145/3133956.3134053},
  file      = {:WRK17a CCS.pdf:PDF},
  timestamp = {Tue, 06 Nov 2018 11:07:29 +0100},
  url       = {https://doi.org/10.1145/3133956.3134053},
}

@InProceedings{DBLP:conf/ccs/WangRK17a,
  author    = {Xiao Wang and Samuel Ranellucci and Jonathan Katz},
  title     = {Global-Scale Secure Multiparty Computation},
  booktitle = {Proceedings of the 2017 {ACM} {SIGSAC} Conference on Computer and Communications Security, {CCS} 2017, Dallas, TX, USA, October 30 - November 03, 2017},
  year      = {2017},
  pages     = {39--56},
  bibsource = {dblp computer science bibliography, https://dblp.org},
  biburl    = {https://dblp.org/rec/bib/conf/ccs/WangRK17a},
  crossref  = {DBLP:conf/ccs/2017},
  doi       = {10.1145/3133956.3133979},
  file      = {:WRK17b CCS.pdf:PDF},
  timestamp = {Tue, 06 Nov 2018 11:07:28 +0100},
  url       = {https://doi.org/10.1145/3133956.3133979},
}

@InProceedings{DBLP:conf/ndss/Nielsen0T17,
  author    = {Jesper Buus Nielsen and Thomas Schneider and Roberto Trifiletti},
  title     = {Constant Round Maliciously Secure 2PC with Function-independent Preprocessing using {LEGO}},
  booktitle = {24th Annual Network and Distributed System Security Symposium, {NDSS} 2017, San Diego, California, USA, February 26 - March 1, 2017},
  year      = {2017},
  bibsource = {dblp computer science bibliography, https://dblp.org},
  biburl    = {https://dblp.org/rec/bib/conf/ndss/Nielsen0T17},
  crossref  = {DBLP:conf/ndss/2017},
  timestamp = {Tue, 16 Jan 2018 15:44:17 +0100},
  url       = {https://www.ndss-symposium.org/ndss2017/ndss-2017-programme/constant-round-maliciously-secure-2pc-function-independent-preprocessing-using-lego/},
}

@InProceedings{DBLP:conf/ccs/KolesnikovNRTT17,
  author    = {Vladimir Kolesnikov and Jesper Buus Nielsen and Mike Rosulek and Ni Trieu and Roberto Trifiletti},
  title     = {{DUPLO:} Unifying Cut-and-Choose for Garbled Circuits},
  booktitle = {Proceedings of the 2017 {ACM} {SIGSAC} Conference on Computer and Communications Security, {CCS} 2017, Dallas, TX, USA, October 30 - November 03, 2017},
  year      = {2017},
  pages     = {3--20},
  bibsource = {dblp computer science bibliography, https://dblp.org},
  biburl    = {https://dblp.org/rec/bib/conf/ccs/KolesnikovNRTT17},
  crossref  = {DBLP:conf/ccs/2017},
  doi       = {10.1145/3133956.3133991},
  timestamp = {Tue, 06 Nov 2018 11:07:31 +0100},
  url       = {https://doi.org/10.1145/3133956.3133991},
}

@InProceedings{DBLP:conf/asiacrypt/HazaySS17,
  author    = {Carmit Hazay and Peter Scholl and Eduardo Soria{-}Vazquez},
  title     = {Low Cost Constant Round {MPC} Combining {BMR} and Oblivious Transfer},
  booktitle = {Advances in Cryptology - {ASIACRYPT} 2017 - 23rd International Conference on the Theory and Applications of Cryptology and Information Security, Hong Kong, China, December 3-7, 2017, Proceedings, Part {I}},
  year      = {2017},
  pages     = {598--628},
  bibsource = {dblp computer science bibliography, https://dblp.org},
  biburl    = {https://dblp.org/rec/bib/conf/asiacrypt/HazaySS17},
  crossref  = {DBLP:conf/asiacrypt/2017-1},
  doi       = {10.1007/978-3-319-70694-8\_21},
  timestamp = {Tue, 14 May 2019 10:00:40 +0200},
  url       = {https://doi.org/10.1007/978-3-319-70694-8\_21},
}

@InProceedings{DBLP:conf/tcc/HazayIV17,
  author    = {Carmit Hazay and Yuval Ishai and Muthuramakrishnan Venkitasubramaniam},
  title     = {Actively Secure Garbled Circuits with Constant Communication Overhead in the Plain Model},
  booktitle = {Theory of Cryptography - 15th International Conference, {TCC} 2017, Baltimore, MD, USA, November 12-15, 2017, Proceedings, Part {II}},
  year      = {2017},
  pages     = {3--39},
  bibsource = {dblp computer science bibliography, https://dblp.org},
  biburl    = {https://dblp.org/rec/bib/conf/tcc/HazayIV17},
  crossref  = {DBLP:conf/tcc/2017-2},
  doi       = {10.1007/978-3-319-70503-3\_1},
  timestamp = {Tue, 14 May 2019 10:00:47 +0200},
  url       = {https://doi.org/10.1007/978-3-319-70503-3\_1},
}

@InProceedings{DBLP:conf/crypto/KatzRR018,
  author    = {Jonathan Katz and Samuel Ranellucci and Mike Rosulek and Xiao Wang},
  title     = {Optimizing Authenticated Garbling for Faster Secure Two-Party Computation},
  booktitle = {Advances in Cryptology - {CRYPTO} 2018 - 38th Annual International Cryptology Conference, Santa Barbara, CA, USA, August 19-23, 2018, Proceedings, Part {III}},
  year      = {2018},
  pages     = {365--391},
  bibsource = {dblp computer science bibliography, https://dblp.org},
  biburl    = {https://dblp.org/rec/bib/conf/crypto/KatzRR018},
  crossref  = {DBLP:conf/crypto/2018-3},
  doi       = {10.1007/978-3-319-96878-0\_13},
  timestamp = {Tue, 14 May 2019 10:00:48 +0200},
  url       = {https://doi.org/10.1007/978-3-319-96878-0\_13},
}

@InProceedings{DBLP:conf/asiacrypt/Ben-Efraim18,
  author    = {Aner Ben{-}Efraim},
  title     = {On Multiparty Garbling of Arithmetic Circuits},
  booktitle = {Advances in Cryptology - {ASIACRYPT} 2018 - 24th International Conference on the Theory and Application of Cryptology and Information Security, Brisbane, QLD, Australia, December 2-6, 2018, Proceedings, Part {III}},
  year      = {2018},
  pages     = {3--33},
  bibsource = {dblp computer science bibliography, https://dblp.org},
  biburl    = {https://dblp.org/rec/bib/conf/asiacrypt/Ben-Efraim18},
  crossref  = {DBLP:conf/asiacrypt/2018-3},
  doi       = {10.1007/978-3-030-03332-3\_1},
  timestamp = {Tue, 14 May 2019 10:00:40 +0200},
  url       = {https://doi.org/10.1007/978-3-030-03332-3\_1},
}

@InProceedings{DBLP:conf/eurocrypt/HongKKLW19,
  author    = {Cheng Hong and Jonathan Katz and Vladimir Kolesnikov and Wen{-}jie Lu and Xiao Wang},
  title     = {Covert Security with Public Verifiability: Faster, Leaner, and Simpler},
  booktitle = {Advances in Cryptology - {EUROCRYPT} 2019 - 38th Annual International Conference on the Theory and Applications of Cryptographic Techniques, Darmstadt, Germany, May 19-23, 2019, Proceedings, Part {III}},
  year      = {2019},
  pages     = {97--121},
  bibsource = {dblp computer science bibliography, https://dblp.org},
  biburl    = {https://dblp.org/rec/bib/conf/eurocrypt/HongKKLW19},
  crossref  = {DBLP:conf/eurocrypt/2019-3},
  doi       = {10.1007/978-3-030-17659-4\_4},
  file      = {:2018-1108欧密19.pdf:PDF},
  timestamp = {Sun, 19 May 2019 15:46:39 +0200},
  url       = {https://doi.org/10.1007/978-3-030-17659-4\_4},
}

@InProceedings{DBLP:conf/ccs/AbascalSHIV20,
  author    = {Jackson Abascal and Mohammad Hossein Faghihi Sereshgi and Carmit Hazay and Yuval Ishai and Muthuramakrishnan Venkitasubramaniam},
  title     = {Is the Classical {GMW} Paradigm Practical? The Case of Non-Interactive Actively Secure 2PC},
  booktitle = {{CCS} '20: 2020 {ACM} {SIGSAC} Conference on Computer and Communications Security, Virtual Event, USA, November 9-13, 2020},
  year      = {2020},
  pages     = {1591--1605},
  bibsource = {dblp computer science bibliography, https://dblp.org},
  biburl    = {https://dblp.org/rec/conf/ccs/AbascalSHIV20.bib},
  crossref  = {DBLP:conf/ccs/2020},
  doi       = {10.1145/3372297.3423366},
  timestamp = {Tue, 10 Nov 2020 20:00:12 +0100},
  url       = {https://doi.org/10.1145/3372297.3423366},
}

@InProceedings{DBLP:conf/eurocrypt/FrederiksenJNNO13,
  author    = {Tore Kasper Frederiksen and Thomas Pelle Jakobsen and Jesper Buus Nielsen and Peter Sebastian Nordholt and Claudio Orlandi},
  title     = {MiniLEGO: Efficient Secure Two-Party Computation from General Assumptions},
  booktitle = {Advances in Cryptology - {EUROCRYPT} 2013, 32nd Annual International Conference on the Theory and Applications of Cryptographic Techniques, Athens, Greece, May 26-30, 2013. Proceedings},
  year      = {2013},
  pages     = {537--556},
  bibsource = {dblp computer science bibliography, https://dblp.org},
  biburl    = {https://dblp.org/rec/conf/eurocrypt/FrederiksenJNNO13.bib},
  crossref  = {DBLP:conf/eurocrypt/2013},
  doi       = {10.1007/978-3-642-38348-9\_32},
  timestamp = {Tue, 14 May 2019 10:00:53 +0200},
  url       = {https://doi.org/10.1007/978-3-642-38348-9\_32},
}

@InProceedings{DBLP:conf/tcc/FrederiksenJNT16,
  author    = {Tore Kasper Frederiksen and Thomas P. Jakobsen and Jesper Buus Nielsen and Roberto Trifiletti},
  title     = {On the Complexity of Additively Homomorphic {UC} Commitments},
  booktitle = {Theory of Cryptography - 13th International Conference, {TCC} 2016-A, Tel Aviv, Israel, January 10-13, 2016, Proceedings, Part {I}},
  year      = {2016},
  pages     = {542--565},
  bibsource = {dblp computer science bibliography, https://dblp.org},
  biburl    = {https://dblp.org/rec/conf/tcc/FrederiksenJNT16.bib},
  crossref  = {DBLP:conf/tcc/2016a1},
  doi       = {10.1007/978-3-662-49096-9\_23},
  timestamp = {Tue, 14 May 2019 10:00:47 +0200},
  url       = {https://doi.org/10.1007/978-3-662-49096-9\_23},
}

@InProceedings{DBLP:conf/ccs/YangWZ20,
  author    = {Kang Yang and Xiao Wang and Jiang Zhang},
  title     = {More Efficient {MPC} from Improved Triple Generation and Authenticated Garbling},
  booktitle = {{CCS} '20: 2020 {ACM} {SIGSAC} Conference on Computer and Communications Security, Virtual Event, USA, November 9-13, 2020},
  year      = {2020},
  pages     = {1627--1646},
  bibsource = {dblp computer science bibliography, https://dblp.org},
  biburl    = {https://dblp.org/rec/conf/ccs/YangWZ20.bib},
  crossref  = {DBLP:conf/ccs/2020},
  doi       = {10.1145/3372297.3417285},
  timestamp = {Tue, 10 Nov 2020 20:00:28 +0100},
  url       = {https://doi.org/10.1145/3372297.3417285},
}

@InProceedings{DBLP:conf/crypto/IshaiPS08,
  author    = {Yuval Ishai and Manoj Prabhakaran and Amit Sahai},
  title     = {Founding Cryptography on Oblivious Transfer - Efficiently},
  booktitle = {Advances in Cryptology - {CRYPTO} 2008, 28th Annual International Cryptology Conference, Santa Barbara, CA, USA, August 17-21, 2008. Proceedings},
  year      = {2008},
  pages     = {572--591},
  bibsource = {dblp computer science bibliography, https://dblp.org},
  biburl    = {https://dblp.org/rec/conf/crypto/IshaiPS08.bib},
  crossref  = {DBLP:conf/crypto/2008},
  doi       = {10.1007/978-3-540-85174-5\_32},
  timestamp = {Tue, 14 May 2019 10:00:48 +0200},
  url       = {https://doi.org/10.1007/978-3-540-85174-5\_32},
}

@InProceedings{DBLP:conf/ccs/HazayIMV19,
  author    = {Carmit Hazay and Yuval Ishai and Antonio Marcedone and Muthuramakrishnan Venkitasubramaniam},
  title     = {LevioSA: Lightweight Secure Arithmetic Computation},
  booktitle = {Proceedings of the 2019 {ACM} {SIGSAC} Conference on Computer and Communications Security, {CCS} 2019, London, UK, November 11-15, 2019},
  year      = {2019},
  pages     = {327--344},
  bibsource = {dblp computer science bibliography, https://dblp.org},
  biburl    = {https://dblp.org/rec/conf/ccs/HazayIMV19.bib},
  crossref  = {DBLP:conf/ccs/2019},
  doi       = {10.1145/3319535.3354258},
  timestamp = {Tue, 10 Nov 2020 20:00:36 +0100},
  url       = {https://doi.org/10.1145/3319535.3354258},
}

@InProceedings{DBLP:conf/stoc/IshaiKOS07,
  author    = {Yuval Ishai and Eyal Kushilevitz and Rafail Ostrovsky and Amit Sahai},
  title     = {Zero-knowledge from secure multiparty computation},
  booktitle = {Proceedings of the 39th Annual {ACM} Symposium on Theory of Computing, San Diego, California, USA, June 11-13, 2007},
  year      = {2007},
  pages     = {21--30},
  bibsource = {dblp computer science bibliography, https://dblp.org},
  biburl    = {https://dblp.org/rec/conf/stoc/IshaiKOS07.bib},
  crossref  = {DBLP:conf/stoc/2007},
  doi       = {10.1145/1250790.1250794},
  timestamp = {Tue, 06 Nov 2018 11:07:05 +0100},
  url       = {https://doi.org/10.1145/1250790.1250794},
}

@InProceedings{DBLP:conf/crypto/LindellOP11,
  author    = {Yehuda Lindell and Eli Oxman and Benny Pinkas},
  title     = {The {IPS} Compiler: Optimizations, Variants and Concrete Efficiency},
  booktitle = {Advances in Cryptology - {CRYPTO} 2011 - 31st Annual Cryptology Conference, Santa Barbara, CA, USA, August 14-18, 2011. Proceedings},
  year      = {2011},
  pages     = {259--276},
  bibsource = {dblp computer science bibliography, https://dblp.org},
  biburl    = {https://dblp.org/rec/conf/crypto/LindellOP11.bib},
  crossref  = {DBLP:conf/crypto/2011},
  doi       = {10.1007/978-3-642-22792-9\_15},
  timestamp = {Tue, 14 May 2019 10:00:48 +0200},
  url       = {https://doi.org/10.1007/978-3-642-22792-9\_15},
}

@InProceedings{DBLP:conf/eurocrypt/HazayVW20,
  author    = {Carmit Hazay and Muthuramakrishnan Venkitasubramaniam and Mor Weiss},
  title     = {The Price of Active Security in Cryptographic Protocols},
  booktitle = {Advances in Cryptology - {EUROCRYPT} 2020 - 39th Annual International Conference on the Theory and Applications of Cryptographic Techniques, Zagreb, Croatia, May 10-14, 2020, Proceedings, Part {II}},
  year      = {2020},
  pages     = {184--215},
  bibsource = {dblp computer science bibliography, https://dblp.org},
  biburl    = {https://dblp.org/rec/conf/eurocrypt/HazayVW20.bib},
  crossref  = {DBLP:conf/eurocrypt/2020-2},
  doi       = {10.1007/978-3-030-45724-2\_7},
  timestamp = {Mon, 04 May 2020 14:35:02 +0200},
  url       = {https://doi.org/10.1007/978-3-030-45724-2\_7},
}

@InProceedings{DBLP:conf/tcc/LindellSS16,
  author    = {Yehuda Lindell and Nigel P. Smart and Eduardo Soria{-}Vazquez},
  title     = {More Efficient Constant-Round Multi-party Computation from {BMR} and {SHE}},
  booktitle = {Theory of Cryptography - 14th International Conference, {TCC} 2016-B, Beijing, China, October 31 - November 3, 2016, Proceedings, Part {I}},
  year      = {2016},
  pages     = {554--581},
  bibsource = {dblp computer science bibliography, https://dblp.org},
  biburl    = {https://dblp.org/rec/conf/tcc/LindellSS16.bib},
  crossref  = {DBLP:conf/tcc/2016b1},
  doi       = {10.1007/978-3-662-53641-4\_21},
  timestamp = {Sun, 25 Oct 2020 23:01:01 +0100},
  url       = {https://doi.org/10.1007/978-3-662-53641-4\_21},
}

@InProceedings{DBLP:conf/focs/ApplebaumIK11,
  author    = {Benny Applebaum and Yuval Ishai and Eyal Kushilevitz},
  title     = {How to Garble Arithmetic Circuits},
  booktitle = {{IEEE} 52nd Annual Symposium on Foundations of Computer Science, {FOCS} 2011, Palm Springs, CA, USA, October 22-25, 2011},
  year      = {2011},
  pages     = {120--129},
  bibsource = {dblp computer science bibliography, https://dblp.org},
  biburl    = {https://dblp.org/rec/conf/focs/ApplebaumIK11.bib},
  crossref  = {DBLP:conf/focs/2011},
  doi       = {10.1109/FOCS.2011.40},
  timestamp = {Wed, 16 Oct 2019 14:14:54 +0200},
  url       = {https://doi.org/10.1109/FOCS.2011.40},
}

@InProceedings{DBLP:conf/ccs/Ben-EfraimLO16,
  author    = {Aner Ben{-}Efraim and Yehuda Lindell and Eran Omri},
  title     = {Optimizing Semi-Honest Secure Multiparty Computation for the Internet},
  booktitle = {Proceedings of the 2016 {ACM} {SIGSAC} Conference on Computer and Communications Security, Vienna, Austria, October 24-28, 2016},
  year      = {2016},
  pages     = {578--590},
  bibsource = {dblp computer science bibliography, https://dblp.org},
  biburl    = {https://dblp.org/rec/conf/ccs/Ben-EfraimLO16.bib},
  crossref  = {DBLP:conf/ccs/2016},
  doi       = {10.1145/2976749.2978347},
  timestamp = {Tue, 10 Nov 2020 20:00:49 +0100},
  url       = {https://doi.org/10.1145/2976749.2978347},
}

@InProceedings{DBLP:conf/asiacrypt/Ben-EfraimLO17,
  author    = {Aner Ben{-}Efraim and Yehuda Lindell and Eran Omri},
  title     = {Efficient Scalable Constant-Round {MPC} via Garbled Circuits},
  booktitle = {Advances in Cryptology - {ASIACRYPT} 2017 - 23rd International Conference on the Theory and Applications of Cryptology and Information Security, Hong Kong, China, December 3-7, 2017, Proceedings, Part {II}},
  year      = {2017},
  pages     = {471--498},
  bibsource = {dblp computer science bibliography, https://dblp.org},
  biburl    = {https://dblp.org/rec/conf/asiacrypt/Ben-EfraimLO17.bib},
  crossref  = {DBLP:conf/asiacrypt/2017-2},
  doi       = {10.1007/978-3-319-70697-9\_17},
  timestamp = {Sun, 25 Oct 2020 22:50:27 +0100},
  url       = {https://doi.org/10.1007/978-3-319-70697-9\_17},
}

@InProceedings{DBLP:conf/crypto/DamgardPSZ12,
  author    = {Ivan Damg{\aa}rd and Valerio Pastro and Nigel P. Smart and Sarah Zakarias},
  title     = {Multiparty Computation from Somewhat Homomorphic Encryption},
  booktitle = {Advances in Cryptology - {CRYPTO} 2012 - 32nd Annual Cryptology Conference, Santa Barbara, CA, USA, August 19-23, 2012. Proceedings},
  year      = {2012},
  pages     = {643--662},
  bibsource = {dblp computer science bibliography, https://dblp.org},
  biburl    = {https://dblp.org/rec/conf/crypto/DamgardPSZ12.bib},
  crossref  = {DBLP:conf/crypto/2012},
  doi       = {10.1007/978-3-642-32009-5\_38},
  timestamp = {Tue, 14 May 2019 10:00:48 +0200},
  url       = {https://doi.org/10.1007/978-3-642-32009-5\_38},
}

@InProceedings{Larraia2014,
  author    = {Enrique Larraia and Emmanuela Orsini and Nigel P. Smart},
  title     = {Dishonest Majority Multi-Party Computation for Binary Circuits},
  booktitle = {Advances in Cryptology - {CRYPTO} 2014 - 34th Annual Cryptology Conference, Santa Barbara, CA, USA, August 17-21, 2014, Proceedings, Part {II}},
  year      = {2014},
  pages     = {495--512},
  bibsource = {dblp computer science bibliography, https://dblp.org},
  biburl    = {https://dblp.org/rec/conf/crypto/LarraiaOS14.bib},
  crossref  = {DBLP:conf/crypto/2014-2},
  doi       = {10.1007/978-3-662-44381-1\_28},
  timestamp = {Tue, 14 May 2019 10:00:48 +0200},
  url       = {https://doi.org/10.1007/978-3-662-44381-1\_28},
}

@InProceedings{DBLP:conf/eurocrypt/BendlinDOZ11,
  author    = {Rikke Bendlin and Ivan Damg{\aa}rd and Claudio Orlandi and Sarah Zakarias},
  title     = {Semi-homomorphic Encryption and Multiparty Computation},
  booktitle = {Advances in Cryptology - {EUROCRYPT} 2011 - 30th Annual International Conference on the Theory and Applications of Cryptographic Techniques, Tallinn, Estonia, May 15-19, 2011. Proceedings},
  year      = {2011},
  pages     = {169--188},
  bibsource = {dblp computer science bibliography, https://dblp.org},
  biburl    = {https://dblp.org/rec/conf/eurocrypt/BendlinDOZ11.bib},
  crossref  = {DBLP:conf/eurocrypt/2011},
  doi       = {10.1007/978-3-642-20465-4\_11},
  timestamp = {Tue, 14 May 2019 10:00:54 +0200},
  url       = {https://doi.org/10.1007/978-3-642-20465-4\_11},
}

@InProceedings{DBLP:conf/esorics/DamgardKLPSS13,
  author    = {Ivan Damg{\aa}rd and Marcel Keller and Enrique Larraia and Valerio Pastro and Peter Scholl and Nigel P. Smart},
  title     = {Practical Covertly Secure {MPC} for Dishonest Majority - Or: Breaking the {SPDZ} Limits},
  booktitle = {Computer Security - {ESORICS} 2013 - 18th European Symposium on Research in Computer Security, Egham, UK, September 9-13, 2013. Proceedings},
  year      = {2013},
  pages     = {1--18},
  bibsource = {dblp computer science bibliography, https://dblp.org},
  biburl    = {https://dblp.org/rec/conf/esorics/DamgardKLPSS13.bib},
  crossref  = {DBLP:conf/esorics/2013},
  doi       = {10.1007/978-3-642-40203-6\_1},
  timestamp = {Wed, 25 Sep 2019 18:03:15 +0200},
  url       = {https://doi.org/10.1007/978-3-642-40203-6\_1},
}

@InProceedings{DBLP:conf/eurocrypt/KellerPR18,
  author    = {Marcel Keller and Valerio Pastro and Dragos Rotaru},
  title     = {Overdrive: Making {SPDZ} Great Again},
  booktitle = {Advances in Cryptology - {EUROCRYPT} 2018 - 37th Annual International Conference on the Theory and Applications of Cryptographic Techniques, Tel Aviv, Israel, April 29 - May 3, 2018 Proceedings, Part {III}},
  year      = {2018},
  pages     = {158--189},
  bibsource = {dblp computer science bibliography, https://dblp.org},
  biburl    = {https://dblp.org/rec/conf/eurocrypt/KellerPR18.bib},
  crossref  = {DBLP:conf/eurocrypt/2018-3},
  doi       = {10.1007/978-3-319-78372-7\_6},
  timestamp = {Tue, 14 May 2019 10:00:53 +0200},
  url       = {https://doi.org/10.1007/978-3-319-78372-7\_6},
}

@InProceedings{DBLP:conf/crypto/CramerDESX18,
  author    = {Ronald Cramer and Ivan Damg{\aa}rd and Daniel Escudero and Peter Scholl and Chaoping Xing},
  title     = {SPD{\(\mathbb{Z}\)}\({}_{\mbox{2\({}^{\mbox{k}}\)}}\): Efficient {MPC} mod 2\({}^{\mbox{k}}\) for Dishonest Majority},
  booktitle = {Advances in Cryptology - {CRYPTO} 2018 - 38th Annual International Cryptology Conference, Santa Barbara, CA, USA, August 19-23, 2018, Proceedings, Part {II}},
  year      = {2018},
  pages     = {769--798},
  bibsource = {dblp computer science bibliography, https://dblp.org},
  biburl    = {https://dblp.org/rec/conf/crypto/CramerDESX18.bib},
  crossref  = {DBLP:conf/crypto/2018-2},
  doi       = {10.1007/978-3-319-96881-0\_26},
  timestamp = {Tue, 14 May 2019 10:00:48 +0200},
  url       = {https://doi.org/10.1007/978-3-319-96881-0\_26},
}

@InProceedings{DBLP:conf/ccs/ArakiB0KOT18,
  author    = {Toshinori Araki and Assi Barak and Jun Furukawa and Marcel Keller and Kazuma Ohara and Hikaru Tsuchida},
  title     = {How to Choose Suitable Secure Multiparty Computation Using Generalized {SPDZ}},
  booktitle = {Proceedings of the 2018 {ACM} {SIGSAC} Conference on Computer and Communications Security, {CCS} 2018, Toronto, ON, Canada, October 15-19, 2018},
  year      = {2018},
  pages     = {2198--2200},
  bibsource = {dblp computer science bibliography, https://dblp.org},
  biburl    = {https://dblp.org/rec/conf/ccs/ArakiB0KOT18.bib},
  crossref  = {DBLP:conf/ccs/2018},
  doi       = {10.1145/3243734.3278510},
  timestamp = {Tue, 10 Nov 2020 20:00:51 +0100},
  url       = {https://doi.org/10.1145/3243734.3278510},
}

@InProceedings{DBLP:conf/ccs/ArakiB0KLOT18,
  author    = {Toshinori Araki and Assi Barak and Jun Furukawa and Marcel Keller and Yehuda Lindell and Kazuma Ohara and Hikaru Tsuchida},
  title     = {Generalizing the {SPDZ} Compiler For Other Protocols},
  booktitle = {Proceedings of the 2018 {ACM} {SIGSAC} Conference on Computer and Communications Security, {CCS} 2018, Toronto, ON, Canada, October 15-19, 2018},
  year      = {2018},
  pages     = {880--895},
  bibsource = {dblp computer science bibliography, https://dblp.org},
  biburl    = {https://dblp.org/rec/conf/ccs/ArakiB0KLOT18.bib},
  crossref  = {DBLP:conf/ccs/2018},
  doi       = {10.1145/3243734.3243854},
  timestamp = {Tue, 10 Nov 2020 20:00:51 +0100},
  url       = {https://doi.org/10.1145/3243734.3243854},
}

@InProceedings{DBLP:conf/ccs/Keller20,
  author    = {Marcel Keller},
  title     = {{MP-SPDZ:} {A} Versatile Framework for Multi-Party Computation},
  booktitle = {{CCS} '20: 2020 {ACM} {SIGSAC} Conference on Computer and Communications Security, Virtual Event, USA, November 9-13, 2020},
  year      = {2020},
  pages     = {1575--1590},
  bibsource = {dblp computer science bibliography, https://dblp.org},
  biburl    = {https://dblp.org/rec/conf/ccs/Keller20.bib},
  crossref  = {DBLP:conf/ccs/2020},
  doi       = {10.1145/3372297.3417872},
  timestamp = {Tue, 10 Nov 2020 19:58:10 +0100},
  url       = {https://doi.org/10.1145/3372297.3417872},
}

@InProceedings{DBLP:conf/stoc/Ben-OrGW88,
  author    = {Michael Ben{-}Or and Shafi Goldwasser and Avi Wigderson},
  title     = {Completeness Theorems for Non-Cryptographic Fault-Tolerant Distributed Computation (Extended Abstract)},
  booktitle = {Proceedings of the 20th Annual {ACM} Symposium on Theory of Computing, May 2-4, 1988, Chicago, Illinois, {USA}},
  year      = {1988},
  pages     = {1--10},
  bibsource = {dblp computer science bibliography, https://dblp.org},
  biburl    = {https://dblp.org/rec/conf/stoc/Ben-OrGW88.bib},
  crossref  = {DBLP:conf/stoc/STOC20},
  doi       = {10.1145/62212.62213},
  timestamp = {Sun, 25 Oct 2020 22:32:30 +0100},
  url       = {https://doi.org/10.1145/62212.62213},
}

@InProceedings{DBLP:conf/crypto/DamgardN07,
  author    = {Ivan Damg{\aa}rd and Jesper Buus Nielsen},
  title     = {Scalable and Unconditionally Secure Multiparty Computation},
  booktitle = {Advances in Cryptology - {CRYPTO} 2007, 27th Annual International Cryptology Conference, Santa Barbara, CA, USA, August 19-23, 2007, Proceedings},
  year      = {2007},
  pages     = {572--590},
  bibsource = {dblp computer science bibliography, https://dblp.org},
  biburl    = {https://dblp.org/rec/conf/crypto/DamgardN07.bib},
  crossref  = {DBLP:conf/crypto/2007},
  doi       = {10.1007/978-3-540-74143-5\_32},
  timestamp = {Tue, 14 May 2019 10:00:48 +0200},
  url       = {https://doi.org/10.1007/978-3-540-74143-5\_32},
}

@InProceedings{DBLP:conf/stoc/GenkinIPST14,
  author    = {Daniel Genkin and Yuval Ishai and Manoj Prabhakaran and Amit Sahai and Eran Tromer},
  title     = {Circuits resilient to additive attacks with applications to secure computation},
  booktitle = {Symposium on Theory of Computing, {STOC} 2014, New York, NY, USA, May 31 - June 03, 2014},
  year      = {2014},
  pages     = {495--504},
  bibsource = {dblp computer science bibliography, https://dblp.org},
  biburl    = {https://dblp.org/rec/conf/stoc/GenkinIPST14.bib},
  crossref  = {DBLP:conf/stoc/2014},
  doi       = {10.1145/2591796.2591861},
  timestamp = {Tue, 06 Nov 2018 11:07:06 +0100},
  url       = {https://doi.org/10.1145/2591796.2591861},
}

@InProceedings{DBLP:conf/ccs/LindellN17,
  author    = {Yehuda Lindell and Ariel Nof},
  title     = {A Framework for Constructing Fast {MPC} over Arithmetic Circuits with Malicious Adversaries and an Honest-Majority},
  booktitle = {Proceedings of the 2017 {ACM} {SIGSAC} Conference on Computer and Communications Security, {CCS} 2017, Dallas, TX, USA, October 30 - November 03, 2017},
  year      = {2017},
  pages     = {259--276},
  bibsource = {dblp computer science bibliography, https://dblp.org},
  biburl    = {https://dblp.org/rec/conf/ccs/LindellN17.bib},
  crossref  = {DBLP:conf/ccs/2017},
  doi       = {10.1145/3133956.3133999},
  timestamp = {Tue, 10 Nov 2020 19:59:50 +0100},
  url       = {https://doi.org/10.1145/3133956.3133999},
}

@InProceedings{DBLP:conf/crypto/ChidaGHIKLN18,
  author    = {Koji Chida and Daniel Genkin and Koki Hamada and Dai Ikarashi and Ryo Kikuchi and Yehuda Lindell and Ariel Nof},
  title     = {Fast Large-Scale Honest-Majority {MPC} for Malicious Adversaries},
  booktitle = {Advances in Cryptology - {CRYPTO} 2018 - 38th Annual International Cryptology Conference, Santa Barbara, CA, USA, August 19-23, 2018, Proceedings, Part {III}},
  year      = {2018},
  pages     = {34--64},
  bibsource = {dblp computer science bibliography, https://dblp.org},
  biburl    = {https://dblp.org/rec/conf/crypto/ChidaGHIKLN18.bib},
  crossref  = {DBLP:conf/crypto/2018-3},
  doi       = {10.1007/978-3-319-96878-0\_2},
  timestamp = {Mon, 16 Sep 2019 15:22:37 +0200},
  url       = {https://doi.org/10.1007/978-3-319-96878-0\_2},
}

@InProceedings{DBLP:conf/ccs/0001L19,
  author    = {Jun Furukawa and Yehuda Lindell},
  title     = {Two-Thirds Honest-Majority {MPC} for Malicious Adversaries at Almost the Cost of Semi-Honest},
  booktitle = {Proceedings of the 2019 {ACM} {SIGSAC} Conference on Computer and Communications Security, {CCS} 2019, London, UK, November 11-15, 2019},
  year      = {2019},
  pages     = {1557--1571},
  bibsource = {dblp computer science bibliography, https://dblp.org},
  biburl    = {https://dblp.org/rec/conf/ccs/0001L19.bib},
  crossref  = {DBLP:conf/ccs/2019},
  doi       = {10.1145/3319535.3339811},
  timestamp = {Tue, 10 Nov 2020 20:00:53 +0100},
  url       = {https://doi.org/10.1145/3319535.3339811},
}

@InProceedings{DBLP:conf/ccs/BoyleGIN19,
  author    = {Elette Boyle and Niv Gilboa and Yuval Ishai and Ariel Nof},
  title     = {Practical Fully Secure Three-Party Computation via Sublinear Distributed Zero-Knowledge Proofs},
  booktitle = {Proceedings of the 2019 {ACM} {SIGSAC} Conference on Computer and Communications Security, {CCS} 2019, London, UK, November 11-15, 2019},
  year      = {2019},
  pages     = {869--886},
  bibsource = {dblp computer science bibliography, https://dblp.org},
  biburl    = {https://dblp.org/rec/conf/ccs/BoyleGIN19.bib},
  crossref  = {DBLP:conf/ccs/2019},
  doi       = {10.1145/3319535.3363227},
  timestamp = {Tue, 10 Nov 2020 20:00:48 +0100},
  url       = {https://doi.org/10.1145/3319535.3363227},
}

@InProceedings{DBLP:conf/ccs/ArakiFLNO16,
  author    = {Toshinori Araki and Jun Furukawa and Yehuda Lindell and Ariel Nof and Kazuma Ohara},
  title     = {High-Throughput Semi-Honest Secure Three-Party Computation with an Honest Majority},
  booktitle = {Proceedings of the 2016 {ACM} {SIGSAC} Conference on Computer and Communications Security, Vienna, Austria, October 24-28, 2016},
  year      = {2016},
  pages     = {805--817},
  bibsource = {dblp computer science bibliography, https://dblp.org},
  biburl    = {https://dblp.org/rec/conf/ccs/ArakiFLNO16.bib},
  crossref  = {DBLP:conf/ccs/2016},
  doi       = {10.1145/2976749.2978331},
  timestamp = {Tue, 10 Nov 2020 20:00:49 +0100},
  url       = {https://doi.org/10.1145/2976749.2978331},
}

@InProceedings{DBLP:conf/ccs/ChaudhariCPS19,
  author    = {Harsh Chaudhari and Ashish Choudhury and Arpita Patra and Ajith Suresh},
  title     = {{ASTRA:} High Throughput 3PC over Rings with Application to Secure Prediction},
  booktitle = {Proceedings of the 2019 {ACM} {SIGSAC} Conference on Cloud Computing Security Workshop, CCSW@CCS 2019, London, UK, November 11, 2019},
  year      = {2019},
  pages     = {81--92},
  bibsource = {dblp computer science bibliography, https://dblp.org},
  biburl    = {https://dblp.org/rec/conf/ccs/ChaudhariCPS19.bib},
  crossref  = {DBLP:conf/ccs/2019ccsw},
  doi       = {10.1145/3338466.3358922},
  timestamp = {Tue, 10 Nov 2020 16:06:16 +0100},
  url       = {https://doi.org/10.1145/3338466.3358922},
}

@InProceedings{DBLP:conf/eurocrypt/FurukawaLNW17,
  author    = {Jun Furukawa and Yehuda Lindell and Ariel Nof and Or Weinstein},
  title     = {High-Throughput Secure Three-Party Computation for Malicious Adversaries and an Honest Majority},
  booktitle = {Advances in Cryptology - {EUROCRYPT} 2017 - 36th Annual International Conference on the Theory and Applications of Cryptographic Techniques, Paris, France, April 30 - May 4, 2017, Proceedings, Part {II}},
  year      = {2017},
  pages     = {225--255},
  bibsource = {dblp computer science bibliography, https://dblp.org},
  biburl    = {https://dblp.org/rec/conf/eurocrypt/FurukawaLNW17.bib},
  crossref  = {DBLP:conf/eurocrypt/2017-2},
  doi       = {10.1007/978-3-319-56614-6\_8},
  timestamp = {Tue, 14 May 2019 10:00:53 +0200},
  url       = {https://doi.org/10.1007/978-3-319-56614-6\_8},
}

@InProceedings{DBLP:conf/asiacrypt/GordonR018,
  author    = {S. Dov Gordon and Samuel Ranellucci and Xiao Wang},
  title     = {Secure Computation with Low Communication from Cross-Checking},
  booktitle = {Advances in Cryptology - {ASIACRYPT} 2018 - 24th International Conference on the Theory and Application of Cryptology and Information Security, Brisbane, QLD, Australia, December 2-6, 2018, Proceedings, Part {III}},
  year      = {2018},
  pages     = {59--85},
  bibsource = {dblp computer science bibliography, https://dblp.org},
  biburl    = {https://dblp.org/rec/conf/asiacrypt/GordonR018.bib},
  crossref  = {DBLP:conf/asiacrypt/2018-3},
  doi       = {10.1007/978-3-030-03332-3\_3},
  timestamp = {Tue, 14 May 2019 10:00:40 +0200},
  url       = {https://doi.org/10.1007/978-3-030-03332-3\_3},
}

@InProceedings{DBLP:conf/ccs/ByaliHPS19,
  author    = {Megha Byali and Carmit Hazay and Arpita Patra and Swati Singla},
  title     = {Fast Actively Secure Five-Party Computation with Security Beyond Abort},
  booktitle = {Proceedings of the 2019 {ACM} {SIGSAC} Conference on Computer and Communications Security, {CCS} 2019, London, UK, November 11-15, 2019},
  year      = {2019},
  pages     = {1573--1590},
  bibsource = {dblp computer science bibliography, https://dblp.org},
  biburl    = {https://dblp.org/rec/conf/ccs/ByaliHPS19.bib},
  crossref  = {DBLP:conf/ccs/2019},
  doi       = {10.1145/3319535.3345657},
  timestamp = {Tue, 10 Nov 2020 20:00:53 +0100},
  url       = {https://doi.org/10.1145/3319535.3345657},
}

@InProceedings{DBLP:conf/eurocrypt/PinkasRTY20,
  author    = {Benny Pinkas and Mike Rosulek and Ni Trieu and Avishay Yanai},
  title     = {{PSI} from PaXoS: Fast, Malicious Private Set Intersection},
  booktitle = {Advances in Cryptology - {EUROCRYPT} 2020 - 39th Annual International Conference on the Theory and Applications of Cryptographic Techniques, Zagreb, Croatia, May 10-14, 2020, Proceedings, Part {II}},
  year      = {2020},
  pages     = {739--767},
  bibsource = {dblp computer science bibliography, https://dblp.org},
  biburl    = {https://dblp.org/rec/conf/eurocrypt/PinkasRTY20.bib},
  crossref  = {DBLP:conf/eurocrypt/2020-2},
  doi       = {10.1007/978-3-030-45724-2\_25},
  timestamp = {Mon, 04 May 2020 14:35:02 +0200},
  url       = {https://doi.org/10.1007/978-3-030-45724-2\_25},
}

@InProceedings{DBLP:conf/asiacrypt/KolesnikovRT019,
  author    = {Vladimir Kolesnikov and Mike Rosulek and Ni Trieu and Xiao Wang},
  title     = {Scalable Private Set Union from Symmetric-Key Techniques},
  booktitle = {Advances in Cryptology - {ASIACRYPT} 2019 - 25th International Conference on the Theory and Application of Cryptology and Information Security, Kobe, Japan, December 8-12, 2019, Proceedings, Part {II}},
  year      = {2019},
  pages     = {636--666},
  bibsource = {dblp computer science bibliography, https://dblp.org},
  biburl    = {https://dblp.org/rec/conf/asiacrypt/KolesnikovRT019.bib},
  crossref  = {DBLP:conf/asiacrypt/2019-2},
  doi       = {10.1007/978-3-030-34621-8\_23},
  timestamp = {Fri, 22 Nov 2019 13:57:40 +0100},
  url       = {https://doi.org/10.1007/978-3-030-34621-8\_23},
}

@InProceedings{DBLP:conf/crypto/ChaseM20,
  author    = {Melissa Chase and Peihan Miao},
  title     = {Private Set Intersection in the Internet Setting from Lightweight Oblivious {PRF}},
  booktitle = {Advances in Cryptology - {CRYPTO} 2020 - 40th Annual International Cryptology Conference, {CRYPTO} 2020, Santa Barbara, CA, USA, August 17-21, 2020, Proceedings, Part {III}},
  year      = {2020},
  pages     = {34--63},
  bibsource = {dblp computer science bibliography, https://dblp.org},
  biburl    = {https://dblp.org/rec/conf/crypto/ChaseM20.bib},
  crossref  = {DBLP:conf/crypto/2020-3},
  doi       = {10.1007/978-3-030-56877-1\_2},
  timestamp = {Wed, 12 Aug 2020 14:24:02 +0200},
  url       = {https://doi.org/10.1007/978-3-030-56877-1\_2},
}

@InProceedings{DBLP:conf/crypto/KissnerS05,
  author    = {Lea Kissner and Dawn Xiaodong Song},
  title     = {Privacy-Preserving Set Operations},
  booktitle = {Advances in Cryptology - {CRYPTO} 2005: 25th Annual International Cryptology Conference, Santa Barbara, California, USA, August 14-18, 2005, Proceedings},
  year      = {2005},
  pages     = {241--257},
  bibsource = {dblp computer science bibliography, https://dblp.org},
  biburl    = {https://dblp.org/rec/conf/crypto/KissnerS05.bib},
  crossref  = {DBLP:conf/crypto/2005},
  doi       = {10.1007/11535218\_15},
  timestamp = {Tue, 14 May 2019 10:00:48 +0200},
  url       = {https://doi.org/10.1007/11535218\_15},
}

@InProceedings{DBLP:conf/acns/Frikken07,
  author    = {Keith B. Frikken},
  title     = {Privacy-Preserving Set Union},
  booktitle = {Applied Cryptography and Network Security, 5th International Conference, {ACNS} 2007, Zhuhai, China, June 5-8, 2007, Proceedings},
  year      = {2007},
  pages     = {237--252},
  bibsource = {dblp computer science bibliography, https://dblp.org},
  biburl    = {https://dblp.org/rec/conf/acns/Frikken07.bib},
  crossref  = {DBLP:conf/acns/2007},
  doi       = {10.1007/978-3-540-72738-5\_16},
  timestamp = {Tue, 20 Aug 2019 15:27:29 +0200},
  url       = {https://doi.org/10.1007/978-3-540-72738-5\_16},
}

@InProceedings{DBLP:conf/ccs/BlantonA12,
  author    = {Marina Blanton and Everaldo Aguiar},
  title     = {Private and oblivious set and multiset operations},
  booktitle = {7th {ACM} Symposium on Information, Compuer and Communications Security, {ASIACCS} '12, Seoul, Korea, May 2-4, 2012},
  year      = {2012},
  pages     = {40--41},
  bibsource = {dblp computer science bibliography, https://dblp.org},
  biburl    = {https://dblp.org/rec/conf/ccs/BlantonA12.bib},
  crossref  = {DBLP:conf/ccs/2012asia},
  doi       = {10.1145/2414456.2414479},
  timestamp = {Tue, 10 Nov 2020 16:06:16 +0100},
  url       = {https://doi.org/10.1145/2414456.2414479},
}

@InProceedings{DBLP:conf/acisp/DavidsonC17,
  author    = {Alex Davidson and Carlos Cid},
  title     = {An Efficient Toolkit for Computing Private Set Operations},
  booktitle = {Information Security and Privacy - 22nd Australasian Conference, {ACISP} 2017, Auckland, New Zealand, July 3-5, 2017, Proceedings, Part {II}},
  year      = {2017},
  pages     = {261--278},
  bibsource = {dblp computer science bibliography, https://dblp.org},
  biburl    = {https://dblp.org/rec/conf/acisp/DavidsonC17.bib},
  crossref  = {DBLP:conf/acisp/2017-2},
  doi       = {10.1007/978-3-319-59870-3\_15},
  timestamp = {Sun, 02 Jun 2019 21:26:44 +0200},
  url       = {https://doi.org/10.1007/978-3-319-59870-3\_15},
}

@InProceedings{DBLP:conf/crypto/GoyalSZ20,
  author    = {Vipul Goyal and Yifan Song and Chenzhi Zhu},
  title     = {Guaranteed Output Delivery Comes Free in Honest Majority {MPC}},
  booktitle = {Advances in Cryptology - {CRYPTO} 2020 - 40th Annual International Cryptology Conference, {CRYPTO} 2020, Santa Barbara, CA, USA, August 17-21, 2020, Proceedings, Part {II}},
  year      = {2020},
  pages     = {618--646},
  bibsource = {dblp computer science bibliography, https://dblp.org},
  biburl    = {https://dblp.org/rec/conf/crypto/GoyalSZ20.bib},
  crossref  = {DBLP:conf/crypto/2020-2},
  doi       = {10.1007/978-3-030-56880-1\_22},
  timestamp = {Thu, 13 Aug 2020 16:42:10 +0200},
  url       = {https://doi.org/10.1007/978-3-030-56880-1\_22},
}

@InProceedings{DBLP:conf/ccs/YangWLZW20,
  author    = {Kang Yang and Chenkai Weng and Xiao Lan and Jiang Zhang and Xiao Wang},
  title     = {Ferret: Fast Extension for Correlated {OT} with Small Communication},
  booktitle = {{CCS} '20: 2020 {ACM} {SIGSAC} Conference on Computer and Communications Security, Virtual Event, USA, November 9-13, 2020},
  year      = {2020},
  pages     = {1607--1626},
  bibsource = {dblp computer science bibliography, https://dblp.org},
  biburl    = {https://dblp.org/rec/conf/ccs/YangWLZW20.bib},
  crossref  = {DBLP:conf/ccs/2020},
  doi       = {10.1145/3372297.3417276},
  timestamp = {Tue, 10 Nov 2020 19:58:09 +0100},
  url       = {https://doi.org/10.1145/3372297.3417276},
}

@InProceedings{DBLP:conf/ndss/Demmler0Z15,
  author    = {Daniel Demmler and Thomas Schneider and Michael Zohner},
  title     = {{ABY} - {A} Framework for Efficient Mixed-Protocol Secure Two-Party Computation},
  booktitle = {22nd Annual Network and Distributed System Security Symposium, {NDSS} 2015, San Diego, California, USA, February 8-11, 2015},
  year      = {2015},
  bibsource = {dblp computer science bibliography, https://dblp.org},
  biburl    = {https://dblp.org/rec/conf/ndss/Demmler0Z15.bib},
  crossref  = {DBLP:conf/ndss/2015},
  timestamp = {Tue, 16 Jan 2018 13:23:48 +0100},
  url       = {https://www.ndss-symposium.org/ndss2015/aby---framework-efficient-mixed-protocol-secure-two-party-computation},
}

@InProceedings{DBLP:conf/asiacrypt/HazayOSS18,
  author    = {Carmit Hazay and Emmanuela Orsini and Peter Scholl and Eduardo Soria{-}Vazquez},
  title     = {Concretely Efficient Large-Scale {MPC} with Active Security (or, TinyKeys for TinyOT)},
  booktitle = {Advances in Cryptology - {ASIACRYPT} 2018 - 24th International Conference on the Theory and Application of Cryptology and Information Security, Brisbane, QLD, Australia, December 2-6, 2018, Proceedings, Part {III}},
  year      = {2018},
  pages     = {86--117},
  bibsource = {dblp computer science bibliography, https://dblp.org},
  biburl    = {https://dblp.org/rec/conf/asiacrypt/HazayOSS18.bib},
  crossref  = {DBLP:conf/asiacrypt/2018-3},
  doi       = {10.1007/978-3-030-03332-3\_4},
  timestamp = {Sun, 25 Oct 2020 22:50:27 +0100},
  url       = {https://doi.org/10.1007/978-3-030-03332-3\_4},
}

@InProceedings{DBLP:conf/crypto/HazayOSS18,
  author    = {Carmit Hazay and Emmanuela Orsini and Peter Scholl and Eduardo Soria{-}Vazquez},
  title     = {TinyKeys: {A} New Approach to Efficient Multi-Party Computation},
  booktitle = {Advances in Cryptology - {CRYPTO} 2018 - 38th Annual International Cryptology Conference, Santa Barbara, CA, USA, August 19-23, 2018, Proceedings, Part {III}},
  year      = {2018},
  pages     = {3--33},
  bibsource = {dblp computer science bibliography, https://dblp.org},
  biburl    = {https://dblp.org/rec/conf/crypto/HazayOSS18.bib},
  crossref  = {DBLP:conf/crypto/2018-3},
  doi       = {10.1007/978-3-319-96878-0\_1},
  timestamp = {Sun, 25 Oct 2020 22:32:48 +0100},
  url       = {https://doi.org/10.1007/978-3-319-96878-0\_1},
}

@InProceedings{DBLP:conf/crypto/BaumOSS20,
  author    = {Carsten Baum and Emmanuela Orsini and Peter Scholl and Eduardo Soria{-}Vazquez},
  title     = {Efficient Constant-Round {MPC} with Identifiable Abort and Public Verifiability},
  booktitle = {Advances in Cryptology - {CRYPTO} 2020 - 40th Annual International Cryptology Conference, {CRYPTO} 2020, Santa Barbara, CA, USA, August 17-21, 2020, Proceedings, Part {II}},
  year      = {2020},
  pages     = {562--592},
  bibsource = {dblp computer science bibliography, https://dblp.org},
  biburl    = {https://dblp.org/rec/conf/crypto/BaumOSS20.bib},
  crossref  = {DBLP:conf/crypto/2020-2},
  doi       = {10.1007/978-3-030-56880-1\_20},
  timestamp = {Sun, 25 Oct 2020 22:32:48 +0100},
  url       = {https://doi.org/10.1007/978-3-030-56880-1\_20},
}

@InProceedings{DBLP:conf/ccs/BoyleCGI18,
  author    = {Elette Boyle and Geoffroy Couteau and Niv Gilboa and Yuval Ishai},
  title     = {Compressing Vector {OLE}},
  booktitle = {Proceedings of the 2018 {ACM} {SIGSAC} Conference on Computer and Communications Security, {CCS} 2018, Toronto, ON, Canada, October 15-19, 2018},
  year      = {2018},
  pages     = {896--912},
  bibsource = {dblp computer science bibliography, https://dblp.org},
  biburl    = {https://dblp.org/rec/conf/ccs/BoyleCGI18.bib},
  crossref  = {DBLP:conf/ccs/2018},
  doi       = {10.1145/3243734.3243868},
  timestamp = {Tue, 10 Nov 2020 20:00:51 +0100},
  url       = {https://doi.org/10.1145/3243734.3243868},
}

@InProceedings{DBLP:conf/crypto/BoyleCGIKS19,
  author    = {Elette Boyle and Geoffroy Couteau and Niv Gilboa and Yuval Ishai and Lisa Kohl and Peter Scholl},
  title     = {Efficient Pseudorandom Correlation Generators: Silent {OT} Extension and More},
  booktitle = {Advances in Cryptology - {CRYPTO} 2019 - 39th Annual International Cryptology Conference, Santa Barbara, CA, USA, August 18-22, 2019, Proceedings, Part {III}},
  year      = {2019},
  pages     = {489--518},
  bibsource = {dblp computer science bibliography, https://dblp.org},
  biburl    = {https://dblp.org/rec/conf/crypto/BoyleCGIKS19.bib},
  crossref  = {DBLP:conf/crypto/2019-3},
  doi       = {10.1007/978-3-030-26954-8\_16},
  timestamp = {Sun, 25 Oct 2020 22:32:48 +0100},
  url       = {https://doi.org/10.1007/978-3-030-26954-8\_16},
}

@InProceedings{DBLP:conf/ccs/BoyleCGIKRS19,
  author    = {Elette Boyle and Geoffroy Couteau and Niv Gilboa and Yuval Ishai and Lisa Kohl and Peter Rindal and Peter Scholl},
  title     = {Efficient Two-Round {OT} Extension and Silent Non-Interactive Secure Computation},
  booktitle = {Proceedings of the 2019 {ACM} {SIGSAC} Conference on Computer and Communications Security, {CCS} 2019, London, UK, November 11-15, 2019},
  year      = {2019},
  pages     = {291--308},
  bibsource = {dblp computer science bibliography, https://dblp.org},
  biburl    = {https://dblp.org/rec/conf/ccs/BoyleCGIKRS19.bib},
  crossref  = {DBLP:conf/ccs/2019},
  doi       = {10.1145/3319535.3354255},
  timestamp = {Tue, 10 Nov 2020 20:00:36 +0100},
  url       = {https://doi.org/10.1145/3319535.3354255},
}

@InProceedings{DBLP:conf/crypto/BoyleCGIKS20,
  author    = {Elette Boyle and Geoffroy Couteau and Niv Gilboa and Yuval Ishai and Lisa Kohl and Peter Scholl},
  title     = {Efficient Pseudorandom Correlation Generators from Ring-LPN},
  booktitle = {Advances in Cryptology - {CRYPTO} 2020 - 40th Annual International Cryptology Conference, {CRYPTO} 2020, Santa Barbara, CA, USA, August 17-21, 2020, Proceedings, Part {II}},
  year      = {2020},
  pages     = {387--416},
  bibsource = {dblp computer science bibliography, https://dblp.org},
  biburl    = {https://dblp.org/rec/conf/crypto/BoyleCGIKS20.bib},
  crossref  = {DBLP:conf/crypto/2020-2},
  doi       = {10.1007/978-3-030-56880-1\_14},
  timestamp = {Thu, 13 Aug 2020 16:42:10 +0200},
  url       = {https://doi.org/10.1007/978-3-030-56880-1\_14},
}

@InProceedings{DBLP:conf/crypto/IshaiKNP03,
  author    = {Yuval Ishai and Joe Kilian and Kobbi Nissim and Erez Petrank},
  title     = {Extending Oblivious Transfers Efficiently},
  booktitle = {Advances in Cryptology - {CRYPTO} 2003, 23rd Annual International Cryptology Conference, Santa Barbara, California, USA, August 17-21, 2003, Proceedings},
  year      = {2003},
  pages     = {145--161},
  bibsource = {dblp computer science bibliography, https://dblp.org},
  biburl    = {https://dblp.org/rec/conf/crypto/IshaiKNP03.bib},
  crossref  = {DBLP:conf/crypto/2003},
  doi       = {10.1007/978-3-540-45146-4\_9},
  timestamp = {Tue, 14 May 2019 10:00:48 +0200},
  url       = {https://doi.org/10.1007/978-3-540-45146-4\_9},
}

@InProceedings{DBLP:conf/ccs/SchoppmannGR019,
  author    = {Phillipp Schoppmann and Adri{\`{a}} Gasc{\'{o}}n and Leonie Reichert and Mariana Raykova},
  title     = {Distributed Vector-OLE: Improved Constructions and Implementation},
  booktitle = {Proceedings of the 2019 {ACM} {SIGSAC} Conference on Computer and Communications Security, {CCS} 2019, London, UK, November 11-15, 2019},
  year      = {2019},
  pages     = {1055--1072},
  bibsource = {dblp computer science bibliography, https://dblp.org},
  biburl    = {https://dblp.org/rec/conf/ccs/SchoppmannGR019.bib},
  crossref  = {DBLP:conf/ccs/2019},
  doi       = {10.1145/3319535.3363228},
  timestamp = {Tue, 10 Nov 2020 20:00:36 +0100},
  url       = {https://doi.org/10.1145/3319535.3363228},
}

@InProceedings{DBLP:conf/ccs/BellareHR12,
  author    = {Mihir Bellare and Viet Tung Hoang and Phillip Rogaway},
  title     = {Foundations of garbled circuits},
  booktitle = {the {ACM} Conference on Computer and Communications Security, CCS'12, Raleigh, NC, USA, October 16-18, 2012},
  year      = {2012},
  pages     = {784--796},
  bibsource = {dblp computer science bibliography, https://dblp.org},
  biburl    = {https://dblp.org/rec/conf/ccs/BellareHR12.bib},
  crossref  = {DBLP:conf/ccs/2012},
  doi       = {10.1145/2382196.2382279},
  timestamp = {Tue, 10 Nov 2020 19:58:15 +0100},
  url       = {https://doi.org/10.1145/2382196.2382279},
}

@InProceedings{DBLP:conf/crypto/RosulekR21,
  author    = {Mike Rosulek and Lawrence Roy},
  title     = {Three Halves Make a Whole? Beating the Half-Gates Lower Bound for Garbled Circuits},
  booktitle = {Advances in Cryptology - {CRYPTO} 2021 - 41st Annual International Cryptology Conference, {CRYPTO} 2021, Virtual Event, August 16-20, 2021, Proceedings, Part {I}},
  year      = {2021},
  pages     = {94--124},
  bibsource = {dblp computer science bibliography, https://dblp.org},
  biburl    = {https://dblp.org/rec/conf/crypto/RosulekR21.bib},
  crossref  = {DBLP:conf/crypto/2021-1},
  doi       = {10.1007/978-3-030-84242-0\_5},
  timestamp = {Mon, 16 Aug 2021 09:08:14 +0200},
  url       = {https://doi.org/10.1007/978-3-030-84242-0\_5},
}

@InProceedings{DBLP:conf/crypto/GoyalLOPS21,
  author    = {Vipul Goyal and Hanjun Li and Rafail Ostrovsky and Antigoni Polychroniadou and Yifan Song},
  title     = {{ATLAS:} Efficient and Scalable {MPC} in the Honest Majority Setting},
  booktitle = {Advances in Cryptology - {CRYPTO} 2021 - 41st Annual International Cryptology Conference, {CRYPTO} 2021, Virtual Event, August 16-20, 2021, Proceedings, Part {II}},
  year      = {2021},
  pages     = {244--274},
  bibsource = {dblp computer science bibliography, https://dblp.org},
  biburl    = {https://dblp.org/rec/conf/crypto/GoyalLOPS21.bib},
  crossref  = {DBLP:conf/crypto/2021-2},
  doi       = {10.1007/978-3-030-84245-1\_9},
  timestamp = {Mon, 16 Aug 2021 09:08:14 +0200},
  url       = {https://doi.org/10.1007/978-3-030-84245-1\_9},
}

@InProceedings{DBLP:conf/crypto/Ben-SassonFO12,
  author    = {Eli Ben{-}Sasson and Serge Fehr and Rafail Ostrovsky},
  title     = {Near-Linear Unconditionally-Secure Multiparty Computation with a Dishonest Minority},
  booktitle = {Advances in Cryptology - {CRYPTO} 2012 - 32nd Annual Cryptology Conference, Santa Barbara, CA, USA, August 19-23, 2012. Proceedings},
  year      = {2012},
  pages     = {663--680},
  bibsource = {dblp computer science bibliography, https://dblp.org},
  biburl    = {https://dblp.org/rec/conf/crypto/Ben-SassonFO12.bib},
  crossref  = {DBLP:conf/crypto/2012},
  doi       = {10.1007/978-3-642-32009-5\_39},
  timestamp = {Tue, 14 May 2019 10:00:48 +0200},
  url       = {https://doi.org/10.1007/978-3-642-32009-5\_39},
}

@InProceedings{Genkin2014,
  author    = {Daniel Genkin and Yuval Ishai and Manoj Prabhakaran and Amit Sahai and Eran Tromer},
  title     = {Circuits resilient to additive attacks with applications to secure computation},
  booktitle = {Symposium on Theory of Computing, {STOC} 2014, New York, NY, USA, May 31 - June 03, 2014},
  year      = {2014},
  pages     = {495--504},
  bibsource = {dblp computer science bibliography, https://dblp.org},
  biburl    = {https://dblp.org/rec/conf/stoc/GenkinIPST14.bib},
  crossref  = {DBLP:conf/stoc/2014},
  doi       = {10.1145/2591796.2591861},
  timestamp = {Tue, 06 Nov 2018 11:07:06 +0100},
  url       = {https://doi.org/10.1145/2591796.2591861},
}

@InProceedings{DBLP:conf/acns/NordholtV18,
  author    = {Peter Sebastian Nordholt and Meilof Veeningen},
  title     = {Minimising Communication in Honest-Majority {MPC} by Batchwise Multiplication Verification},
  booktitle = {Applied Cryptography and Network Security - 16th International Conference, {ACNS} 2018, Leuven, Belgium, July 2-4, 2018, Proceedings},
  year      = {2018},
  pages     = {321--339},
  bibsource = {dblp computer science bibliography, https://dblp.org},
  biburl    = {https://dblp.org/rec/conf/acns/NordholtV18.bib},
  crossref  = {DBLP:conf/acns/2018},
  doi       = {10.1007/978-3-319-93387-0\_17},
  timestamp = {Tue, 14 May 2019 10:00:54 +0200},
  url       = {https://doi.org/10.1007/978-3-319-93387-0\_17},
}

@InProceedings{DBLP:conf/crypto/LindellPSY15,
  author    = {Yehuda Lindell and Benny Pinkas and Nigel P. Smart and Avishay Yanai},
  title     = {Efficient Constant Round Multi-party Computation Combining {BMR} and {SPDZ}},
  booktitle = {Advances in Cryptology - {CRYPTO} 2015 - 35th Annual Cryptology Conference, Santa Barbara, CA, USA, August 16-20, 2015, Proceedings, Part {II}},
  year      = {2015},
  pages     = {319--338},
  bibsource = {dblp computer science bibliography, https://dblp.org},
  biburl    = {https://dblp.org/rec/conf/crypto/LindellPSY15.bib},
  crossref  = {DBLP:conf/crypto/2015-2},
  doi       = {10.1007/978-3-662-48000-7\_16},
  timestamp = {Tue, 20 Aug 2019 15:26:42 +0200},
  url       = {https://doi.org/10.1007/978-3-662-48000-7\_16},
}

@InProceedings{DBLP:conf/tcc/AumannL07,
  author    = {Yonatan Aumann and Yehuda Lindell},
  title     = {Security Against Covert Adversaries: Efficient Protocols for Realistic Adversaries},
  booktitle = {Theory of Cryptography, 4th Theory of Cryptography Conference, {TCC} 2007, Amsterdam, The Netherlands, February 21-24, 2007, Proceedings},
  year      = {2007},
  pages     = {137--156},
  bibsource = {dblp computer science bibliography, https://dblp.org},
  biburl    = {https://dblp.org/rec/conf/tcc/AumannL07.bib},
  crossref  = {DBLP:conf/tcc/2007},
  doi       = {10.1007/978-3-540-70936-7\_8},
  timestamp = {Tue, 14 May 2019 10:00:47 +0200},
  url       = {https://doi.org/10.1007/978-3-540-70936-7\_8},
}

@InProceedings{DBLP:conf/asiacrypt/AsharovO12,
  author    = {Gilad Asharov and Claudio Orlandi},
  title     = {Calling Out Cheaters: Covert Security with Public Verifiability},
  booktitle = {Advances in Cryptology - {ASIACRYPT} 2012 - 18th International Conference on the Theory and Application of Cryptology and Information Security, Beijing, China, December 2-6, 2012. Proceedings},
  year      = {2012},
  pages     = {681--698},
  bibsource = {dblp computer science bibliography, https://dblp.org},
  biburl    = {https://dblp.org/rec/conf/asiacrypt/AsharovO12.bib},
  crossref  = {DBLP:conf/asiacrypt/2012},
  doi       = {10.1007/978-3-642-34961-4\_41},
  timestamp = {Mon, 25 Nov 2019 15:32:14 +0100},
  url       = {https://doi.org/10.1007/978-3-642-34961-4\_41},
}

@InProceedings{DBLP:conf/asiacrypt/KolesnikovM15,
  author    = {Vladimir Kolesnikov and Alex J. Malozemoff},
  title     = {Public Verifiability in the Covert Model (Almost) for Free},
  booktitle = {Advances in Cryptology - {ASIACRYPT} 2015 - 21st International Conference on the Theory and Application of Cryptology and Information Security, Auckland, New Zealand, November 29 - December 3, 2015, Proceedings, Part {II}},
  year      = {2015},
  pages     = {210--235},
  bibsource = {dblp computer science bibliography, https://dblp.org},
  biburl    = {https://dblp.org/rec/conf/asiacrypt/KolesnikovM15.bib},
  crossref  = {DBLP:conf/asiacrypt/2015-2},
  doi       = {10.1007/978-3-662-48800-3\_9},
  timestamp = {Tue, 14 May 2019 10:00:40 +0200},
  url       = {https://doi.org/10.1007/978-3-662-48800-3\_9},
}

@InProceedings{DBLP:conf/crypto/DamgardO020,
  author    = {Ivan Damg{\aa}rd and Claudio Orlandi and Mark Simkin},
  title     = {Black-Box Transformations from Passive to Covert Security with Public Verifiability},
  booktitle = {Advances in Cryptology - {CRYPTO} 2020 - 40th Annual International Cryptology Conference, {CRYPTO} 2020, Santa Barbara, CA, USA, August 17-21, 2020, Proceedings, Part {II}},
  year      = {2020},
  pages     = {647--676},
  bibsource = {dblp computer science bibliography, https://dblp.org},
  biburl    = {https://dblp.org/rec/conf/crypto/DamgardO020.bib},
  crossref  = {DBLP:conf/crypto/2020-2},
  doi       = {10.1007/978-3-030-56880-1\_23},
  timestamp = {Thu, 13 Aug 2020 16:42:10 +0200},
  url       = {https://doi.org/10.1007/978-3-030-56880-1\_23},
}

@InProceedings{DBLP:conf/eurocrypt/FaustHKS21,
  author    = {Sebastian Faust and Carmit Hazay and David Kretzler and Benjamin Schlosser},
  title     = {Generic Compiler for Publicly Verifiable Covert Multi-Party Computation},
  booktitle = {Advances in Cryptology - {EUROCRYPT} 2021 - 40th Annual International Conference on the Theory and Applications of Cryptographic Techniques, Zagreb, Croatia, October 17-21, 2021, Proceedings, Part {II}},
  year      = {2021},
  pages     = {782--811},
  bibsource = {dblp computer science bibliography, https://dblp.org},
  biburl    = {https://dblp.org/rec/conf/eurocrypt/FaustHKS21.bib},
  crossref  = {DBLP:conf/eurocrypt/2021-2},
  doi       = {10.1007/978-3-030-77886-6\_27},
  timestamp = {Wed, 16 Jun 2021 12:01:06 +0200},
  url       = {https://doi.org/10.1007/978-3-030-77886-6\_27},
}

@InProceedings{DBLP:conf/eurocrypt/CohenGZ20,
  author    = {Ran Cohen and Juan A. Garay and Vassilis Zikas},
  title     = {Broadcast-Optimal Two-Round {MPC}},
  booktitle = {Advances in Cryptology - {EUROCRYPT} 2020 - 39th Annual International Conference on the Theory and Applications of Cryptographic Techniques, Zagreb, Croatia, May 10-14, 2020, Proceedings, Part {II}},
  year      = {2020},
  pages     = {828--858},
  bibsource = {dblp computer science bibliography, https://dblp.org},
  biburl    = {https://dblp.org/rec/conf/eurocrypt/CohenGZ20.bib},
  crossref  = {DBLP:conf/eurocrypt/2020-2},
  doi       = {10.1007/978-3-030-45724-2\_28},
  timestamp = {Mon, 04 May 2020 14:35:02 +0200},
  url       = {https://doi.org/10.1007/978-3-030-45724-2\_28},
}

@InProceedings{DBLP:conf/stoc/Cleve86,
  author    = {Richard Cleve},
  title     = {Limits on the Security of Coin Flips when Half the Processors Are Faulty (Extended Abstract)},
  booktitle = {Proceedings of the 18th Annual {ACM} Symposium on Theory of Computing, May 28-30, 1986, Berkeley, California, {USA}},
  year      = {1986},
  pages     = {364--369},
  bibsource = {dblp computer science bibliography, https://dblp.org},
  biburl    = {https://dblp.org/rec/conf/stoc/Cleve86.bib},
  crossref  = {DBLP:conf/stoc/STOC18},
  doi       = {10.1145/12130.12168},
  timestamp = {Tue, 06 Nov 2018 11:07:04 +0100},
  url       = {https://doi.org/10.1145/12130.12168},
}

@InProceedings{DBLP:conf/crypto/CanettiH94,
  author    = {Ran Canetti and Amir Herzberg},
  title     = {Maintaining Security in the Presence of Transient Faults},
  booktitle = {Advances in Cryptology - {CRYPTO} '94, 14th Annual International Cryptology Conference, Santa Barbara, California, USA, August 21-25, 1994, Proceedings},
  year      = {1994},
  pages     = {425--438},
  bibsource = {dblp computer science bibliography, https://dblp.org},
  biburl    = {https://dblp.org/rec/conf/crypto/CanettiH94.bib},
  crossref  = {DBLP:conf/crypto/1994},
  doi       = {10.1007/3-540-48658-5\_38},
  timestamp = {Tue, 14 May 2019 10:00:48 +0200},
  url       = {https://doi.org/10.1007/3-540-48658-5\_38},
}

@InProceedings{DBLP:conf/podc/OstrovskyY91,
  author    = {Rafail Ostrovsky and Moti Yung},
  title     = {How to Withstand Mobile Virus Attacks (Extended Abstract)},
  booktitle = {Proceedings of the Tenth Annual {ACM} Symposium on Principles of Distributed Computing, Montreal, Quebec, Canada, August 19-21, 1991},
  year      = {1991},
  pages     = {51--59},
  bibsource = {dblp computer science bibliography, https://dblp.org},
  biburl    = {https://dblp.org/rec/conf/podc/OstrovskyY91.bib},
  crossref  = {DBLP:conf/podc/1991},
  doi       = {10.1145/112600.112605},
  timestamp = {Tue, 06 Nov 2018 11:07:18 +0100},
  url       = {https://doi.org/10.1145/112600.112605},
}

@InProceedings{DBLP:conf/stoc/CanettiFGN96,
  author    = {Ran Canetti and Uriel Feige and Oded Goldreich and Moni Naor},
  title     = {Adaptively Secure Multi-Party Computation},
  booktitle = {Proceedings of the Twenty-Eighth Annual {ACM} Symposium on the Theory of Computing, Philadelphia, Pennsylvania, USA, May 22-24, 1996},
  year      = {1996},
  pages     = {639--648},
  bibsource = {dblp computer science bibliography, https://dblp.org},
  biburl    = {https://dblp.org/rec/conf/stoc/CanettiFGN96.bib},
  crossref  = {DBLP:conf/stoc/1996},
  doi       = {10.1145/237814.238015},
  timestamp = {Tue, 06 Nov 2018 11:07:06 +0100},
  url       = {https://doi.org/10.1145/237814.238015},
}

@InProceedings{DBLP:conf/stoc/CanettiLOS02,
  author    = {Ran Canetti and Yehuda Lindell and Rafail Ostrovsky and Amit Sahai},
  title     = {Universally composable two-party and multi-party secure computation},
  booktitle = {Proceedings on 34th Annual {ACM} Symposium on Theory of Computing, May 19-21, 2002, Montr{\'{e}}al, Qu{\'{e}}bec, Canada},
  year      = {2002},
  pages     = {494--503},
  bibsource = {dblp computer science bibliography, https://dblp.org},
  biburl    = {https://dblp.org/rec/conf/stoc/CanettiLOS02.bib},
  crossref  = {DBLP:conf/stoc/2002},
  doi       = {10.1145/509907.509980},
  timestamp = {Tue, 06 Nov 2018 11:07:05 +0100},
  url       = {https://doi.org/10.1145/509907.509980},
}

@InProceedings{DBLP:conf/eurocrypt/BeaverH92,
  author    = {Donald Beaver and Stuart Haber},
  title     = {Cryptographic Protocols Provably Secure Against Dynamic Adversaries},
  booktitle = {Advances in Cryptology - {EUROCRYPT} '92, Workshop on the Theory and Application of of Cryptographic Techniques, Balatonf{\"{u}}red, Hungary, May 24-28, 1992, Proceedings},
  year      = {1992},
  pages     = {307--323},
  bibsource = {dblp computer science bibliography, https://dblp.org},
  biburl    = {https://dblp.org/rec/conf/eurocrypt/BeaverH92.bib},
  crossref  = {DBLP:conf/eurocrypt/92},
  doi       = {10.1007/3-540-47555-9\_26},
  timestamp = {Tue, 14 May 2019 10:00:53 +0200},
  url       = {https://doi.org/10.1007/3-540-47555-9\_26},
}

@InProceedings{DBLP:conf/ctrsa/Lindell09a,
  author    = {Andrew Y. Lindell},
  title     = {Adaptively Secure Two-Party Computation with Erasures},
  booktitle = {Topics in Cryptology - {CT-RSA} 2009, The Cryptographers' Track at the {RSA} Conference 2009, San Francisco, CA, USA, April 20-24, 2009. Proceedings},
  year      = {2009},
  pages     = {117--132},
  bibsource = {dblp computer science bibliography, https://dblp.org},
  biburl    = {https://dblp.org/rec/conf/ctrsa/Lindell09a.bib},
  crossref  = {DBLP:conf/ctrsa/2009},
  doi       = {10.1007/978-3-642-00862-7\_8},
  timestamp = {Tue, 14 May 2019 10:00:52 +0200},
  url       = {https://doi.org/10.1007/978-3-642-00862-7\_8},
}

@InProceedings{DBLP:conf/crypto/Beaver91a,
  author    = {Donald Beaver},
  title     = {Efficient Multiparty Protocols Using Circuit Randomization},
  booktitle = {Advances in Cryptology - {CRYPTO} '91, 11th Annual International Cryptology Conference, Santa Barbara, California, USA, August 11-15, 1991, Proceedings},
  year      = {1991},
  pages     = {420--432},
  bibsource = {dblp computer science bibliography, https://dblp.org},
  biburl    = {https://dblp.org/rec/conf/crypto/Beaver91a.bib},
  crossref  = {DBLP:conf/crypto/1991},
  doi       = {10.1007/3-540-46766-1\_34},
  timestamp = {Fri, 17 Jul 2020 16:12:45 +0200},
  url       = {https://doi.org/10.1007/3-540-46766-1\_34},
}

@InProceedings{DBLP:conf/tcc/CramerDI05,
  author    = {Ronald Cramer and Ivan Damg{\aa}rd and Yuval Ishai},
  title     = {Share Conversion, Pseudorandom Secret-Sharing and Applications to Secure Computation},
  booktitle = {Theory of Cryptography, Second Theory of Cryptography Conference, {TCC} 2005, Cambridge, MA, USA, February 10-12, 2005, Proceedings},
  year      = {2005},
  pages     = {342--362},
  bibsource = {dblp computer science bibliography, https://dblp.org},
  biburl    = {https://dblp.org/rec/conf/tcc/CramerDI05.bib},
  crossref  = {DBLP:conf/tcc/2005},
  doi       = {10.1007/978-3-540-30576-7\_19},
  timestamp = {Sun, 02 Jun 2019 21:21:22 +0200},
  url       = {https://doi.org/10.1007/978-3-540-30576-7\_19},
}

@InProceedings{DBLP:conf/eurocrypt/CramerDM00,
  author    = {Ronald Cramer and Ivan Damg{\aa}rd and Ueli M. Maurer},
  title     = {General Secure Multi-party Computation from any Linear Secret-Sharing Scheme},
  booktitle = {Advances in Cryptology - {EUROCRYPT} 2000, International Conference on the Theory and Application of Cryptographic Techniques, Bruges, Belgium, May 14-18, 2000, Proceeding},
  year      = {2000},
  pages     = {316--334},
  bibsource = {dblp computer science bibliography, https://dblp.org},
  biburl    = {https://dblp.org/rec/conf/eurocrypt/CramerDM00.bib},
  crossref  = {DBLP:conf/eurocrypt/2000},
  doi       = {10.1007/3-540-45539-6\_22},
  timestamp = {Tue, 14 May 2019 10:00:53 +0200},
  url       = {https://doi.org/10.1007/3-540-45539-6\_22},
}

@InProceedings{DBLP:conf/sp/Meadows86,
  author    = {Catherine A. Meadows},
  title     = {A More Efficient Cryptographic Matchmaking Protocol for Use in the Absence of a Continuously Available Third Party},
  booktitle = {Proceedings of the 1986 {IEEE} Symposium on Security and Privacy, Oakland, California, USA, April 7-9, 1986},
  year      = {1986},
  pages     = {134--137},
  publisher = {{IEEE} Computer Society},
  bibsource = {dblp computer science bibliography, https://dblp.org},
  biburl    = {https://dblp.org/rec/conf/sp/Meadows86.bib},
  doi       = {10.1109/SP.1986.10022},
  timestamp = {Wed, 16 Oct 2019 14:14:51 +0200},
  url       = {https://doi.org/10.1109/SP.1986.10022},
}

@InProceedings{DBLP:conf/sigecom/HubermanFH99,
  author    = {Bernardo A. Huberman and Matthew K. Franklin and Tad Hogg},
  title     = {Enhancing privacy and trust in electronic communities},
  booktitle = {Proceedings of the First {ACM} Conference on Electronic Commerce (EC-99), Denver, CO, USA, November 3-5, 1999},
  year      = {1999},
  editor    = {Stuart I. Feldman and Michael P. Wellman},
  pages     = {78--86},
  publisher = {{ACM}},
  bibsource = {dblp computer science bibliography, https://dblp.org},
  biburl    = {https://dblp.org/rec/conf/sigecom/HubermanFH99.bib},
  doi       = {10.1145/336992.337012},
  timestamp = {Tue, 27 Nov 2018 11:56:48 +0100},
  url       = {https://doi.org/10.1145/336992.337012},
}

@InProceedings{DBLP:conf/eurocrypt/FreedmanNP04,
  author    = {Michael J. Freedman and Kobbi Nissim and Benny Pinkas},
  title     = {Efficient Private Matching and Set Intersection},
  booktitle = {Advances in Cryptology - {EUROCRYPT} 2004, International Conference on the Theory and Applications of Cryptographic Techniques, Interlaken, Switzerland, May 2-6, 2004, Proceedings},
  year      = {2004},
  editor    = {Christian Cachin and Jan Camenisch},
  volume    = {3027},
  series    = {Lecture Notes in Computer Science},
  pages     = {1--19},
  publisher = {Springer},
  bibsource = {dblp computer science bibliography, https://dblp.org},
  biburl    = {https://dblp.org/rec/conf/eurocrypt/FreedmanNP04.bib},
  doi       = {10.1007/978-3-540-24676-3\_1},
  timestamp = {Tue, 14 May 2019 10:00:53 +0200},
  url       = {https://doi.org/10.1007/978-3-540-24676-3\_1},
}

@InProceedings{DBLP:conf/tcc/FreedmanIPR05,
  author    = {Michael J. Freedman and Yuval Ishai and Benny Pinkas and Omer Reingold},
  title     = {Keyword Search and Oblivious Pseudorandom Functions},
  booktitle = {Theory of Cryptography, Second Theory of Cryptography Conference, {TCC} 2005, Cambridge, MA, USA, February 10-12, 2005, Proceedings},
  year      = {2005},
  editor    = {Joe Kilian},
  volume    = {3378},
  series    = {Lecture Notes in Computer Science},
  pages     = {303--324},
  publisher = {Springer},
  bibsource = {dblp computer science bibliography, https://dblp.org},
  biburl    = {https://dblp.org/rec/conf/tcc/FreedmanIPR05.bib},
  doi       = {10.1007/978-3-540-30576-7\_17},
  timestamp = {Sun, 02 Jun 2019 21:21:22 +0200},
  url       = {https://doi.org/10.1007/978-3-540-30576-7\_17},
}

@InProceedings{DBLP:conf/cans/MezzourPGP09,
  author    = {Ghita Mezzour and Adrian Perrig and Virgil D. Gligor and Panos Papadimitratos},
  title     = {Privacy-Preserving Relationship Path Discovery in Social Networks},
  booktitle = {Cryptology and Network Security, 8th International Conference, {CANS} 2009, Kanazawa, Japan, December 12-14, 2009. Proceedings},
  year      = {2009},
  editor    = {Juan A. Garay and Atsuko Miyaji and Akira Otsuka},
  volume    = {5888},
  series    = {Lecture Notes in Computer Science},
  pages     = {189--208},
  publisher = {Springer},
  bibsource = {dblp computer science bibliography, https://dblp.org},
  biburl    = {https://dblp.org/rec/conf/cans/MezzourPGP09.bib},
  doi       = {10.1007/978-3-642-10433-6\_13},
  timestamp = {Tue, 14 May 2019 10:00:50 +0200},
  url       = {https://doi.org/10.1007/978-3-642-10433-6\_13},
}

@InProceedings{DBLP:conf/uss/NagarajaMHCB10,
  author    = {Shishir Nagaraja and Prateek Mittal and Chi{-}Yao Hong and Matthew Caesar and Nikita Borisov},
  title     = {BotGrep: Finding {P2P} Bots with Structured Graph Analysis},
  booktitle = {19th {USENIX} Security Symposium, Washington, DC, USA, August 11-13, 2010, Proceedings},
  year      = {2010},
  pages     = {95--110},
  publisher = {{USENIX} Association},
  bibsource = {dblp computer science bibliography, https://dblp.org},
  biburl    = {https://dblp.org/rec/conf/uss/NagarajaMHCB10.bib},
  timestamp = {Thu, 12 Mar 2020 11:35:00 +0100},
  url       = {http://www.usenix.org/events/sec10/tech/full\_papers/Nagaraja.pdf},
}

@InProceedings{DBLP:conf/asiacrypt/CristofaroKT10,
  author    = {Emiliano De Cristofaro and Jihye Kim and Gene Tsudik},
  title     = {Linear-Complexity Private Set Intersection Protocols Secure in Malicious Model},
  booktitle = {Advances in Cryptology - {ASIACRYPT} 2010 - 16th International Conference on the Theory and Application of Cryptology and Information Security, Singapore, December 5-9, 2010. Proceedings},
  year      = {2010},
  editor    = {Masayuki Abe},
  volume    = {6477},
  series    = {Lecture Notes in Computer Science},
  pages     = {213--231},
  publisher = {Springer},
  bibsource = {dblp computer science bibliography, https://dblp.org},
  biburl    = {https://dblp.org/rec/conf/asiacrypt/CristofaroKT10.bib},
  doi       = {10.1007/978-3-642-17373-8\_13},
  timestamp = {Tue, 14 May 2019 10:00:40 +0200},
  url       = {https://doi.org/10.1007/978-3-642-17373-8\_13},
}

@InProceedings{DBLP:conf/fc/CristofaroT10,
  author    = {Emiliano De Cristofaro and Gene Tsudik},
  title     = {Practical Private Set Intersection Protocols with Linear Complexity},
  booktitle = {Financial Cryptography and Data Security, 14th International Conference, {FC} 2010, Tenerife, Canary Islands, Spain, January 25-28, 2010, Revised Selected Papers},
  year      = {2010},
  editor    = {Radu Sion},
  volume    = {6052},
  series    = {Lecture Notes in Computer Science},
  pages     = {143--159},
  publisher = {Springer},
  bibsource = {dblp computer science bibliography, https://dblp.org},
  biburl    = {https://dblp.org/rec/conf/fc/CristofaroT10.bib},
  doi       = {10.1007/978-3-642-14577-3\_13},
  timestamp = {Tue, 14 May 2019 10:00:38 +0200},
  url       = {https://doi.org/10.1007/978-3-642-14577-3\_13},
}

@InProceedings{DBLP:conf/ccs/BaldiBCGT11,
  author    = {Pierre Baldi and Roberta Baronio and Emiliano De Cristofaro and Paolo Gasti and Gene Tsudik},
  title     = {Countering {GATTACA:} efficient and secure testing of fully-sequenced human genomes},
  booktitle = {Proceedings of the 18th {ACM} Conference on Computer and Communications Security, {CCS} 2011, Chicago, Illinois, USA, October 17-21, 2011},
  year      = {2011},
  editor    = {Yan Chen and George Danezis and Vitaly Shmatikov},
  pages     = {691--702},
  publisher = {{ACM}},
  bibsource = {dblp computer science bibliography, https://dblp.org},
  biburl    = {https://dblp.org/rec/conf/ccs/BaldiBCGT11.bib},
  doi       = {10.1145/2046707.2046785},
  timestamp = {Tue, 06 Nov 2018 11:07:30 +0100},
  url       = {https://doi.org/10.1145/2046707.2046785},
}

@InProceedings{DBLP:conf/ndss/NarayananTLHB11,
  author    = {Arvind Narayanan and Narendran Thiagarajan and Mugdha Lakhani and Michael Hamburg and Dan Boneh},
  title     = {Location Privacy via Private Proximity Testing},
  booktitle = {Proceedings of the Network and Distributed System Security Symposium, {NDSS} 2011, San Diego, California, USA, 6th February - 9th February 2011},
  year      = {2011},
  publisher = {The Internet Society},
  bibsource = {dblp computer science bibliography, https://dblp.org},
  biburl    = {https://dblp.org/rec/conf/ndss/NarayananTLHB11.bib},
  timestamp = {Wed, 16 Oct 2019 16:49:08 +0200},
  url       = {https://www.ndss-symposium.org/ndss2011/privacy-private-proximity-testing-paper},
}

@InProceedings{DBLP:conf/sp/BurszteinHLB11,
  author    = {Elie Bursztein and Mike Hamburg and Jocelyn Lagarenne and Dan Boneh},
  title     = {OpenConflict: Preventing Real Time Map Hacks in Online Games},
  booktitle = {32nd {IEEE} Symposium on Security and Privacy, S{\&}P 2011, 22-25 May 2011, Berkeley, California, {USA}},
  year      = {2011},
  pages     = {506--520},
  publisher = {{IEEE} Computer Society},
  bibsource = {dblp computer science bibliography, https://dblp.org},
  biburl    = {https://dblp.org/rec/conf/sp/BurszteinHLB11.bib},
  doi       = {10.1109/SP.2011.28},
  timestamp = {Wed, 16 Oct 2019 14:14:51 +0200},
  url       = {https://doi.org/10.1109/SP.2011.28},
}

@InProceedings{DBLP:conf/pkc/AtenieseCT11,
  author    = {Giuseppe Ateniese and Emiliano De Cristofaro and Gene Tsudik},
  title     = {(If) Size Matters: Size-Hiding Private Set Intersection},
  booktitle = {Public Key Cryptography - {PKC} 2011 - 14th International Conference on Practice and Theory in Public Key Cryptography, Taormina, Italy, March 6-9, 2011. Proceedings},
  year      = {2011},
  editor    = {Dario Catalano and Nelly Fazio and Rosario Gennaro and Antonio Nicolosi},
  volume    = {6571},
  series    = {Lecture Notes in Computer Science},
  pages     = {156--173},
  publisher = {Springer},
  bibsource = {dblp computer science bibliography, https://dblp.org},
  biburl    = {https://dblp.org/rec/conf/pkc/AtenieseCT11.bib},
  doi       = {10.1007/978-3-642-19379-8\_10},
  timestamp = {Tue, 14 May 2019 10:00:54 +0200},
  url       = {https://doi.org/10.1007/978-3-642-19379-8\_10},
}

@InProceedings{DBLP:conf/trust/CristofaroT12,
  author    = {Emiliano De Cristofaro and Gene Tsudik},
  title     = {Experimenting with Fast Private Set Intersection},
  booktitle = {Trust and Trustworthy Computing - 5th International Conference, {TRUST} 2012, Vienna, Austria, June 13-15, 2012. Proceedings},
  year      = {2012},
  editor    = {Stefan Katzenbeisser and Edgar R. Weippl and L. Jean Camp and Melanie Volkamer and Mike K. Reiter and Xinwen Zhang},
  volume    = {7344},
  series    = {Lecture Notes in Computer Science},
  pages     = {55--73},
  publisher = {Springer},
  bibsource = {dblp computer science bibliography, https://dblp.org},
  biburl    = {https://dblp.org/rec/conf/trust/CristofaroT12.bib},
  doi       = {10.1007/978-3-642-30921-2\_4},
  timestamp = {Tue, 14 May 2019 10:00:51 +0200},
  url       = {https://doi.org/10.1007/978-3-642-30921-2\_4},
}

@InProceedings{DBLP:conf/ndss/HuangEK12,
  author    = {Yan Huang and David Evans and Jonathan Katz},
  title     = {Private Set Intersection: Are Garbled Circuits Better than Custom Protocols?},
  booktitle = {19th Annual Network and Distributed System Security Symposium, {NDSS} 2012, San Diego, California, USA, February 5-8, 2012},
  year      = {2012},
  publisher = {The Internet Society},
  bibsource = {dblp computer science bibliography, https://dblp.org},
  biburl    = {https://dblp.org/rec/conf/ndss/HuangEK12.bib},
  timestamp = {Tue, 13 Mar 2018 15:08:56 +0100},
  url       = {https://www.ndss-symposium.org/ndss2012/private-set-intersection-are-garbled-circuits-better-custom-protocols},
}

@InProceedings{DBLP:conf/ccs/DongCW13,
  author    = {Changyu Dong and Liqun Chen and Zikai Wen},
  title     = {When private set intersection meets big data: an efficient and scalable protocol},
  booktitle = {2013 {ACM} {SIGSAC} Conference on Computer and Communications Security, CCS'13, Berlin, Germany, November 4-8, 2013},
  year      = {2013},
  editor    = {Ahmad{-}Reza Sadeghi and Virgil D. Gligor and Moti Yung},
  pages     = {789--800},
  publisher = {{ACM}},
  bibsource = {dblp computer science bibliography, https://dblp.org},
  biburl    = {https://dblp.org/rec/conf/ccs/DongCW13.bib},
  doi       = {10.1145/2508859.2516701},
  timestamp = {Mon, 26 Nov 2018 17:05:49 +0100},
  url       = {https://doi.org/10.1145/2508859.2516701},
}

@InProceedings{DBLP:conf/uss/SegalFF14,
  author    = {Aaron Segal and Bryan Ford and Joan Feigenbaum},
  title     = {Catching Bandits and Only Bandits: Privacy-Preserving Intersection Warrants for Lawful Surveillance},
  booktitle = {4th {USENIX} Workshop on Free and Open Communications on the Internet, {FOCI} '14, San Diego, CA, USA, August 18, 2014},
  year      = {2014},
  editor    = {Jedidiah R. Crandall and Vern Paxson},
  publisher = {{USENIX} Association},
  bibsource = {dblp computer science bibliography, https://dblp.org},
  biburl    = {https://dblp.org/rec/conf/uss/SegalFF14.bib},
  timestamp = {Wed, 10 Sep 2014 16:51:04 +0200},
  url       = {https://www.usenix.org/conference/foci14/workshop-program/presentation/segal},
}

@InProceedings{DBLP:conf/uss/Pinkas0Z14,
  author    = {Benny Pinkas and Thomas Schneider and Michael Zohner},
  title     = {Faster Private Set Intersection Based on {OT} Extension},
  booktitle = {Proceedings of the 23rd {USENIX} Security Symposium, San Diego, CA, USA, August 20-22, 2014},
  year      = {2014},
  editor    = {Kevin Fu and Jaeyeon Jung},
  pages     = {797--812},
  publisher = {{USENIX} Association},
  bibsource = {dblp computer science bibliography, https://dblp.org},
  biburl    = {https://dblp.org/rec/conf/uss/Pinkas0Z14.bib},
  timestamp = {Fri, 19 Aug 2016 15:38:03 +0200},
  url       = {https://www.usenix.org/conference/usenixsecurity14/technical-sessions/presentation/pinkas},
}

@InProceedings{DBLP:conf/uss/Pinkas0SZ15,
  author    = {Benny Pinkas and Thomas Schneider and Gil Segev and Michael Zohner},
  title     = {Phasing: Private Set Intersection Using Permutation-based Hashing},
  booktitle = {24th {USENIX} Security Symposium, {USENIX} Security 15, Washington, D.C., USA, August 12-14, 2015},
  year      = {2015},
  editor    = {Jaeyeon Jung and Thorsten Holz},
  pages     = {515--530},
  publisher = {{USENIX} Association},
  bibsource = {dblp computer science bibliography, https://dblp.org},
  biburl    = {https://dblp.org/rec/conf/uss/Pinkas0SZ15.bib},
  timestamp = {Sun, 16 Jun 2019 18:48:42 +0200},
  url       = {https://www.usenix.org/conference/usenixsecurity15/technical-sessions/presentation/pinkas},
}

@Article{DBLP:journals/joc/FreedmanHNP16,
  author    = {Michael J. Freedman and Carmit Hazay and Kobbi Nissim and Benny Pinkas},
  title     = {Efficient Set Intersection with Simulation-Based Security},
  journal   = {J. Cryptology},
  year      = {2016},
  volume    = {29},
  number    = {1},
  pages     = {115--155},
  bibsource = {dblp computer science bibliography, https://dblp.org},
  biburl    = {https://dblp.org/rec/journals/joc/FreedmanHNP16.bib},
  doi       = {10.1007/s00145-014-9190-0},
  timestamp = {Mon, 16 Sep 2019 14:48:21 +0200},
  url       = {https://doi.org/10.1007/s00145-014-9190-0},
}

@InProceedings{DBLP:conf/ccs/KolesnikovKRT16,
  author    = {Vladimir Kolesnikov and Ranjit Kumaresan and Mike Rosulek and Ni Trieu},
  title     = {Efficient Batched Oblivious {PRF} with Applications to Private Set Intersection},
  booktitle = {Proceedings of the 2016 {ACM} {SIGSAC} Conference on Computer and Communications Security, Vienna, Austria, October 24-28, 2016},
  year      = {2016},
  editor    = {Edgar R. Weippl and Stefan Katzenbeisser and Christopher Kruegel and Andrew C. Myers and Shai Halevi},
  pages     = {818--829},
  publisher = {{ACM}},
  bibsource = {dblp computer science bibliography, https://dblp.org},
  biburl    = {https://dblp.org/rec/conf/ccs/KolesnikovKRT16.bib},
  doi       = {10.1145/2976749.2978381},
  timestamp = {Tue, 06 Nov 2018 11:07:31 +0100},
  url       = {https://doi.org/10.1145/2976749.2978381},
}

@InProceedings{DBLP:conf/eurocrypt/RindalR17,
  author    = {Peter Rindal and Mike Rosulek},
  title     = {Improved Private Set Intersection Against Malicious Adversaries},
  booktitle = {Advances in Cryptology - {EUROCRYPT} 2017 - 36th Annual International Conference on the Theory and Applications of Cryptographic Techniques, Paris, France, April 30 - May 4, 2017, Proceedings, Part {I}},
  year      = {2017},
  editor    = {Jean{-}S{\'{e}}bastien Coron and Jesper Buus Nielsen},
  volume    = {10210},
  series    = {Lecture Notes in Computer Science},
  pages     = {235--259},
  bibsource = {dblp computer science bibliography, https://dblp.org},
  biburl    = {https://dblp.org/rec/conf/eurocrypt/RindalR17.bib},
  doi       = {10.1007/978-3-319-56620-7\_9},
  timestamp = {Tue, 14 May 2019 10:00:53 +0200},
  url       = {https://doi.org/10.1007/978-3-319-56620-7\_9},
}

@InProceedings{DBLP:conf/ccs/RindalR17,
  author    = {Peter Rindal and Mike Rosulek},
  title     = {Malicious-Secure Private Set Intersection via Dual Execution},
  booktitle = {Proceedings of the 2017 {ACM} {SIGSAC} Conference on Computer and Communications Security, {CCS} 2017, Dallas, TX, USA, October 30 - November 03, 2017},
  year      = {2017},
  editor    = {Bhavani M. Thuraisingham and David Evans and Tal Malkin and Dongyan Xu},
  pages     = {1229--1242},
  publisher = {{ACM}},
  bibsource = {dblp computer science bibliography, https://dblp.org},
  biburl    = {https://dblp.org/rec/conf/ccs/RindalR17.bib},
  doi       = {10.1145/3133956.3134044},
  timestamp = {Tue, 06 Nov 2018 11:07:29 +0100},
  url       = {https://doi.org/10.1145/3133956.3134044},
}

@InProceedings{DBLP:conf/ccs/ChenLR17,
  author    = {Hao Chen and Kim Laine and Peter Rindal},
  title     = {Fast Private Set Intersection from Homomorphic Encryption},
  booktitle = {Proceedings of the 2017 {ACM} {SIGSAC} Conference on Computer and Communications Security, {CCS} 2017, Dallas, TX, USA, October 30 - November 03, 2017},
  year      = {2017},
  editor    = {Bhavani M. Thuraisingham and David Evans and Tal Malkin and Dongyan Xu},
  pages     = {1243--1255},
  publisher = {{ACM}},
  bibsource = {dblp computer science bibliography, https://dblp.org},
  biburl    = {https://dblp.org/rec/conf/ccs/ChenLR17.bib},
  doi       = {10.1145/3133956.3134061},
  timestamp = {Thu, 28 Mar 2019 13:16:58 +0100},
  url       = {https://doi.org/10.1145/3133956.3134061},
}

@InProceedings{DBLP:conf/ccs/KolesnikovMPRT17,
  author    = {Vladimir Kolesnikov and Naor Matania and Benny Pinkas and Mike Rosulek and Ni Trieu},
  title     = {Practical Multi-party Private Set Intersection from Symmetric-Key Techniques},
  booktitle = {Proceedings of the 2017 {ACM} {SIGSAC} Conference on Computer and Communications Security, {CCS} 2017, Dallas, TX, USA, October 30 - November 03, 2017},
  year      = {2017},
  editor    = {Bhavani M. Thuraisingham and David Evans and Tal Malkin and Dongyan Xu},
  pages     = {1257--1272},
  publisher = {{ACM}},
  bibsource = {dblp computer science bibliography, https://dblp.org},
  biburl    = {https://dblp.org/rec/conf/ccs/KolesnikovMPRT17.bib},
  doi       = {10.1145/3133956.3134065},
  timestamp = {Tue, 06 Nov 2018 11:07:31 +0100},
  url       = {https://doi.org/10.1145/3133956.3134065},
}

@InProceedings{DBLP:conf/pkc/HazayV17,
  author    = {Carmit Hazay and Muthuramakrishnan Venkitasubramaniam},
  title     = {Scalable Multi-party Private Set-Intersection},
  booktitle = {Public-Key Cryptography - {PKC} 2017 - 20th {IACR} International Conference on Practice and Theory in Public-Key Cryptography, Amsterdam, The Netherlands, March 28-31, 2017, Proceedings, Part {I}},
  year      = {2017},
  editor    = {Serge Fehr},
  volume    = {10174},
  series    = {Lecture Notes in Computer Science},
  pages     = {175--203},
  publisher = {Springer},
  bibsource = {dblp computer science bibliography, https://dblp.org},
  biburl    = {https://dblp.org/rec/conf/pkc/HazayV17.bib},
  doi       = {10.1007/978-3-662-54365-8\_8},
  timestamp = {Tue, 14 May 2019 10:00:54 +0200},
  url       = {https://doi.org/10.1007/978-3-662-54365-8\_8},
}

@InProceedings{DBLP:conf/csfw/HallgrenOS17,
  author    = {Per A. Hallgren and Claudio Orlandi and Andrei Sabelfeld},
  title     = {PrivatePool: Privacy-Preserving Ridesharing},
  booktitle = {30th {IEEE} Computer Security Foundations Symposium, {CSF} 2017, Santa Barbara, CA, USA, August 21-25, 2017},
  year      = {2017},
  pages     = {276--291},
  publisher = {{IEEE} Computer Society},
  bibsource = {dblp computer science bibliography, https://dblp.org},
  biburl    = {https://dblp.org/rec/conf/csfw/HallgrenOS17.bib},
  doi       = {10.1109/CSF.2017.24},
  timestamp = {Wed, 16 Oct 2019 14:14:49 +0200},
  url       = {https://doi.org/10.1109/CSF.2017.24},
}

@InProceedings{DBLP:conf/scn/CiampiO18,
  author    = {Michele Ciampi and Claudio Orlandi},
  title     = {Combining Private Set-Intersection with Secure Two-Party Computation},
  booktitle = {Security and Cryptography for Networks - 11th International Conference, {SCN} 2018, Amalfi, Italy, September 5-7, 2018, Proceedings},
  year      = {2018},
  editor    = {Dario Catalano and Roberto De Prisco},
  volume    = {11035},
  series    = {Lecture Notes in Computer Science},
  pages     = {464--482},
  publisher = {Springer},
  bibsource = {dblp computer science bibliography, https://dblp.org},
  biburl    = {https://dblp.org/rec/conf/scn/CiampiO18.bib},
  doi       = {10.1007/978-3-319-98113-0\_25},
  timestamp = {Tue, 14 May 2019 10:00:54 +0200},
  url       = {https://doi.org/10.1007/978-3-319-98113-0\_25},
}

@InProceedings{DBLP:conf/eurocrypt/Pinkas0WW18,
  author    = {Benny Pinkas and Thomas Schneider and Christian Weinert and Udi Wieder},
  title     = {Efficient Circuit-Based {PSI} via Cuckoo Hashing},
  booktitle = {Advances in Cryptology - {EUROCRYPT} 2018 - 37th Annual International Conference on the Theory and Applications of Cryptographic Techniques, Tel Aviv, Israel, April 29 - May 3, 2018 Proceedings, Part {III}},
  year      = {2018},
  editor    = {Jesper Buus Nielsen and Vincent Rijmen},
  volume    = {10822},
  series    = {Lecture Notes in Computer Science},
  pages     = {125--157},
  publisher = {Springer},
  bibsource = {dblp computer science bibliography, https://dblp.org},
  biburl    = {https://dblp.org/rec/conf/eurocrypt/Pinkas0WW18.bib},
  doi       = {10.1007/978-3-319-78372-7\_5},
  timestamp = {Tue, 14 May 2019 10:00:53 +0200},
  url       = {https://doi.org/10.1007/978-3-319-78372-7\_5},
}

@InProceedings{DBLP:conf/scn/InbarOP18,
  author    = {Roi Inbar and Eran Omri and Benny Pinkas},
  title     = {Efficient Scalable Multiparty Private Set-Intersection via Garbled Bloom Filters},
  booktitle = {Security and Cryptography for Networks - 11th International Conference, {SCN} 2018, Amalfi, Italy, September 5-7, 2018, Proceedings},
  year      = {2018},
  editor    = {Dario Catalano and Roberto De Prisco},
  volume    = {11035},
  series    = {Lecture Notes in Computer Science},
  pages     = {235--252},
  publisher = {Springer},
  bibsource = {dblp computer science bibliography, https://dblp.org},
  biburl    = {https://dblp.org/rec/conf/scn/InbarOP18.bib},
  doi       = {10.1007/978-3-319-98113-0\_13},
  timestamp = {Tue, 14 May 2019 10:00:54 +0200},
  url       = {https://doi.org/10.1007/978-3-319-98113-0\_13},
}

@Article{DBLP:journals/tissec/PinkasSZ18,
  author    = {Benny Pinkas and Thomas Schneider and Michael Zohner},
  title     = {Scalable Private Set Intersection Based on {OT} Extension},
  journal   = {{ACM} Trans. Priv. Secur.},
  year      = {2018},
  volume    = {21},
  number    = {2},
  pages     = {7:1--7:35},
  bibsource = {dblp computer science bibliography, https://dblp.org},
  biburl    = {https://dblp.org/rec/journals/tissec/PinkasSZ18.bib},
  doi       = {10.1145/3154794},
  timestamp = {Tue, 06 Nov 2018 12:50:47 +0100},
  url       = {https://doi.org/10.1145/3154794},
}

@InProceedings{DBLP:conf/wpes/0001C18,
  author    = {Yongjun Zhao and Sherman S. M. Chow},
  title     = {Can You Find The One for Me?},
  booktitle = {Proceedings of the 2018 Workshop on Privacy in the Electronic Society, WPES@CCS 2018, Toronto, ON, Canada, October 15-19, 2018},
  year      = {2018},
  editor    = {David Lie and Mohammad Mannan and Aaron Johnson},
  pages     = {54--65},
  publisher = {{ACM}},
  bibsource = {dblp computer science bibliography, https://dblp.org},
  biburl    = {https://dblp.org/rec/conf/wpes/0001C18.bib},
  doi       = {10.1145/3267323.3268965},
  timestamp = {Wed, 25 Sep 2019 18:18:25 +0200},
  url       = {https://doi.org/10.1145/3267323.3268965},
}

@Unpublished{Survey2014,
  author = {FBI.},
  title  = {National crime information center (ncic).},
  note   = {https://www.fbi. gov/services/cjis/ncic},
  year   = {2019},
}

@InProceedings{DBLP:conf/eurocrypt/Pinkas0TY19,
  author    = {Benny Pinkas and Thomas Schneider and Oleksandr Tkachenko and Avishay Yanai},
  title     = {Efficient Circuit-Based {PSI} with Linear Communication},
  booktitle = {Advances in Cryptology - {EUROCRYPT} 2019 - 38th Annual International Conference on the Theory and Applications of Cryptographic Techniques, Darmstadt, Germany, May 19-23, 2019, Proceedings, Part {III}},
  year      = {2019},
  editor    = {Yuval Ishai and Vincent Rijmen},
  volume    = {11478},
  series    = {Lecture Notes in Computer Science},
  pages     = {122--153},
  publisher = {Springer},
  bibsource = {dblp computer science bibliography, https://dblp.org},
  biburl    = {https://dblp.org/rec/conf/eurocrypt/Pinkas0TY19.bib},
  doi       = {10.1007/978-3-030-17659-4\_5},
  timestamp = {Sat, 19 Oct 2019 20:06:11 +0200},
  url       = {https://doi.org/10.1007/978-3-030-17659-4\_5},
}

@InProceedings{DBLP:conf/ccs/ZhangLLJL19,
  author    = {En Zhang and Feng{-}Hao Liu and Qiqi Lai and Ganggang Jin and Yu Li},
  title     = {Efficient Multi-Party Private Set Intersection Against Malicious Adversaries},
  booktitle = {Proceedings of the 2019 {ACM} {SIGSAC} Conference on Cloud Computing Security Workshop, CCSW@CCS 2019, London, UK, November 11, 2019},
  year      = {2019},
  editor    = {Radu Sion and Charalampos Papamanthou},
  pages     = {93--104},
  publisher = {{ACM}},
  bibsource = {dblp computer science bibliography, https://dblp.org},
  biburl    = {https://dblp.org/rec/conf/ccs/ZhangLLJL19.bib},
  doi       = {10.1145/3338466.3358927},
  timestamp = {Sun, 10 Nov 2019 15:02:41 +0100},
  url       = {https://doi.org/10.1145/3338466.3358927},
}

@InProceedings{DBLP:conf/wpes/FalkNO19,
  author    = {Brett Hemenway Falk and Daniel Noble and Rafail Ostrovsky},
  title     = {Private Set Intersection with Linear Communication from General Assumptions},
  booktitle = {Proceedings of the 18th {ACM} Workshop on Privacy in the Electronic Society, WPES@CCS 2019, London, UK, November 11, 2019},
  year      = {2019},
  editor    = {Lorenzo Cavallaro and Johannes Kinder and Josep Domingo{-}Ferrer},
  pages     = {14--25},
  publisher = {{ACM}},
  bibsource = {dblp computer science bibliography, https://dblp.org},
  biburl    = {https://dblp.org/rec/conf/wpes/FalkNO19.bib},
  doi       = {10.1145/3338498.3358645},
  timestamp = {Thu, 14 Nov 2019 11:57:18 +0100},
  url       = {https://doi.org/10.1145/3338498.3358645},
}

@InProceedings{DBLP:conf/crypto/PinkasRTY19,
  author    = {Benny Pinkas and Mike Rosulek and Ni Trieu and Avishay Yanai},
  title     = {SpOT-Light: Lightweight Private Set Intersection from Sparse {OT} Extension},
  booktitle = {Advances in Cryptology - {CRYPTO} 2019 - 39th Annual International Cryptology Conference, Santa Barbara, CA, USA, August 18-22, 2019, Proceedings, Part {III}},
  year      = {2019},
  editor    = {Alexandra Boldyreva and Daniele Micciancio},
  volume    = {11694},
  series    = {Lecture Notes in Computer Science},
  pages     = {401--431},
  publisher = {Springer},
  bibsource = {dblp computer science bibliography, https://dblp.org},
  biburl    = {https://dblp.org/rec/conf/crypto/PinkasRTY19.bib},
  doi       = {10.1007/978-3-030-26954-8\_13},
  timestamp = {Fri, 09 Aug 2019 14:36:06 +0200},
  url       = {https://doi.org/10.1007/978-3-030-26954-8\_13},
}

@InProceedings{DBLP:conf/sigecom/NaorPS99,
  author    = {Moni Naor and Benny Pinkas and Reuban Sumner},
  title     = {Privacy preserving auctions and mechanism design},
  booktitle = {Proceedings of the First {ACM} Conference on Electronic Commerce (EC-99), Denver, CO, USA, November 3-5, 1999},
  year      = {1999},
  pages     = {129--139},
  bibsource = {dblp computer science bibliography, https://dblp.org},
  biburl    = {https://dblp.org/rec/bib/conf/sigecom/NaorPS99},
  doi       = {10.1145/336992.337028},
  file      = {:Privacy preserving auctions and mechanism design.pdf:PDF},
  timestamp = {Tue, 27 Nov 2018 11:56:48 +0100},
  url       = {https://doi.org/10.1145/336992.337028},
}

@Article{DBLP:journals/eccc/ECCC-TR04-063,
  author    = {Yehuda Lindell and Benny Pinkas},
  title     = {A Proof of Yao's Protocol for Secure Two-Party Computation},
  journal   = {Electronic Colloquium on Computational Complexity {(ECCC)}},
  year      = {2004},
  number    = {063},
  bibsource = {dblp computer science bibliography, https://dblp.org},
  biburl    = {https://dblp.org/rec/bib/journals/eccc/ECCC-TR04-063},
  file      = {:A Proof of Yao’s Protocol for Secure Two-Party.pdf:PDF},
  timestamp = {Tue, 14 Aug 2018 17:08:06 +0200},
  url       = {http://eccc.hpi-web.de/eccc-reports/2004/TR04-063/index.html},
}

@Article{DBLP:journals/iacr/BurraLNNOOSS15,
  author    = {Sai Sheshank Burra and Enrique Larraia and Jesper Buus Nielsen and Peter Sebastian Nordholt and Claudio Orlandi and Emmanuela Orsini and Peter Scholl and Nigel P. Smart},
  title     = {High Performance Multi-Party Computation for Binary Circuits Based on Oblivious Transfer},
  journal   = {{IACR} Cryptology ePrint Archive},
  year      = {2015},
  volume    = {2015},
  pages     = {472},
  bibsource = {dblp computer science bibliography, https://dblp.org},
  biburl    = {https://dblp.org/rec/bib/journals/iacr/BurraLNNOOSS15},
  timestamp = {Tue, 14 Aug 2018 17:08:21 +0200},
  url       = {http://eprint.iacr.org/2015/472},
}

@Article{DBLP:journals/joc/AsharovL17,
  author    = {Gilad Asharov and Yehuda Lindell},
  title     = {A Full Proof of the {BGW} Protocol for Perfectly Secure Multiparty Computation},
  journal   = {J. Cryptology},
  year      = {2017},
  volume    = {30},
  number    = {1},
  pages     = {58--151},
  bibsource = {dblp computer science bibliography, https://dblp.org},
  biburl    = {https://dblp.org/rec/bib/journals/joc/AsharovL17},
  doi       = {10.1007/s00145-015-9214-4},
  timestamp = {Fri, 30 Nov 2018 13:25:01 +0100},
  url       = {https://doi.org/10.1007/s00145-015-9214-4},
}

@Article{DBLP:journals/ftsec/EvansKR18,
  author    = {David Evans and Vladimir Kolesnikov and Mike Rosulek},
  title     = {A Pragmatic Introduction to Secure Multi-Party Computation},
  journal   = {Foundations and Trends in Privacy and Security},
  year      = {2018},
  volume    = {2},
  number    = {2-3},
  pages     = {70--246},
  bibsource = {dblp computer science bibliography, https://dblp.org},
  biburl    = {https://dblp.org/rec/bib/journals/ftsec/EvansKR18},
  doi       = {10.1561/3300000019},
  timestamp = {Tue, 15 Jan 2019 17:06:15 +0100},
  url       = {https://doi.org/10.1561/3300000019},
}

@Article{DBLP:journals/iacr/HazayVW19,
  author    = {Carmit Hazay and Muthuramakrishnan Venkitasubramaniam and Mor Weiss},
  title     = {The Price of Active Security in Cryptographic Protocols},
  journal   = {{IACR} Cryptology ePrint Archive},
  year      = {2019},
  volume    = {2019},
  pages     = {1250},
  bibsource = {dblp computer science bibliography, https://dblp.org},
  biburl    = {https://dblp.org/rec/bib/journals/iacr/HazayVW19},
  timestamp = {Wed, 20 Nov 2019 16:52:45 +0100},
  url       = {https://eprint.iacr.org/2019/1250},
}

@Article{DBLP:journals/iacr/YangWZ19,
  author    = {Kang Yang and Xiao Wang and Jiang Zhang},
  title     = {More Efficient {MPC} from Improved Triple Generation and Authenticated Garbling},
  journal   = {{IACR} Cryptology ePrint Archive},
  year      = {2019},
  volume    = {2019},
  pages     = {1104},
  bibsource = {dblp computer science bibliography, https://dblp.org},
  biburl    = {https://dblp.org/rec/bib/journals/iacr/YangWZ19},
  timestamp = {Mon, 21 Oct 2019 11:48:44 +0200},
  url       = {https://eprint.iacr.org/2019/1104},
}

@Article{DBLP:journals/iacr/FrederiksenJNT15,
  author    = {Tore Kasper Frederiksen and Thomas P. Jakobsen and Jesper Buus Nielsen and Roberto Trifiletti},
  title     = {TinyLEGO: An Interactive Garbling Scheme for Maliciously Secure Two-party Computation},
  journal   = {{IACR} Cryptol. ePrint Arch.},
  year      = {2015},
  volume    = {2015},
  pages     = {309},
  bibsource = {dblp computer science bibliography, https://dblp.org},
  biburl    = {https://dblp.org/rec/journals/iacr/FrederiksenJNT15.bib},
  timestamp = {Mon, 11 May 2020 15:56:30 +0200},
  url       = {http://eprint.iacr.org/2015/309},
}

@Article{DBLP:journals/iacr/BallCMRS19,
  author    = {Marshall Ball and Brent Carmer and Tal Malkin and Mike Rosulek and Nichole Schimanski},
  title     = {Garbled Neural Networks are Practical},
  journal   = {{IACR} Cryptol. ePrint Arch.},
  year      = {2019},
  volume    = {2019},
  pages     = {338},
  bibsource = {dblp computer science bibliography, https://dblp.org},
  biburl    = {https://dblp.org/rec/journals/iacr/BallCMRS19.bib},
  timestamp = {Mon, 11 May 2020 15:58:01 +0200},
  url       = {https://eprint.iacr.org/2019/338},
}

@Article{DBLP:journals/iacr/MakriW19,
  author    = {Eleftheria Makri and Tim Wood},
  title     = {Full-Threshold Actively-Secure Multiparty Arithmetic Circuit Garbling},
  journal   = {{IACR} Cryptol. ePrint Arch.},
  year      = {2019},
  volume    = {2019},
  pages     = {1098},
  bibsource = {dblp computer science bibliography, https://dblp.org},
  biburl    = {https://dblp.org/rec/journals/iacr/MakriW19.bib},
  timestamp = {Mon, 11 May 2020 15:54:08 +0200},
  url       = {https://eprint.iacr.org/2019/1098},
}

@Article{DBLP:journals/iacr/BoyleGIN20,
  author    = {Elette Boyle and Niv Gilboa and Yuval Ishai and Ariel Nof},
  title     = {Efficient Fully Secure Computation via Distributed Zero-Knowledge Proofs},
  journal   = {{IACR} Cryptol. ePrint Arch.},
  year      = {2020},
  volume    = {2020},
  pages     = {1451},
  bibsource = {dblp computer science bibliography, https://dblp.org},
  biburl    = {https://dblp.org/rec/journals/iacr/BoyleGIN20.bib},
  timestamp = {Mon, 30 Nov 2020 17:53:48 +0100},
  url       = {https://eprint.iacr.org/2020/1451},
}

@Article{DBLP:journals/iacr/GoyalS20,
  author    = {Vipul Goyal and Yifan Song},
  title     = {Malicious Security Comes Free in Honest-Majority {MPC}},
  journal   = {{IACR} Cryptol. ePrint Arch.},
  year      = {2020},
  volume    = {2020},
  pages     = {134},
  bibsource = {dblp computer science bibliography, https://dblp.org},
  biburl    = {https://dblp.org/rec/journals/iacr/GoyalS20.bib},
  timestamp = {Mon, 11 May 2020 15:54:27 +0200},
  url       = {https://eprint.iacr.org/2020/134},
}

@Book{DBLP:books/cu/Goldreich2004,
  title     = {The Foundations of Cryptography - Volume 2: Basic Applications},
  publisher = {Cambridge University Press},
  year      = {2004},
  author    = {Oded Goldreich},
  isbn      = {0-521-83084-2},
  bibsource = {dblp computer science bibliography, https://dblp.org},
  biburl    = {https://dblp.org/rec/books/cu/Goldreich2004.bib},
  doi       = {10.1017/CBO9780511721656},
  timestamp = {Mon, 29 Jul 2019 15:58:36 +0200},
  url       = {http://www.wisdom.weizmann.ac.il/\%7Eoded/foc-vol2.html},
}

@Article{DBLP:journals/iacr/Scholl0S21,
  author    = {Peter Scholl and Mark Simkin and Luisa Siniscalchi},
  title     = {Multiparty Computation with Covert Security and Public Verifiability},
  journal   = {{IACR} Cryptol. ePrint Arch.},
  year      = {2021},
  pages     = {366},
  bibsource = {dblp computer science bibliography, https://dblp.org},
  biburl    = {https://dblp.org/rec/journals/iacr/Scholl0S21.bib},
  timestamp = {Wed, 07 Apr 2021 09:35:41 +0200},
  url       = {https://eprint.iacr.org/2021/366},
}

@Article{DBLP:journals/joc/Canetti00,
  author    = {Ran Canetti},
  title     = {Security and Composition of Multiparty Cryptographic Protocols},
  journal   = {J. Cryptol.},
  year      = {2000},
  volume    = {13},
  number    = {1},
  pages     = {143--202},
  bibsource = {dblp computer science bibliography, https://dblp.org},
  biburl    = {https://dblp.org/rec/journals/joc/Canetti00.bib},
  doi       = {10.1007/s001459910006},
  timestamp = {Fri, 18 Sep 2020 11:17:38 +0200},
  url       = {https://doi.org/10.1007/s001459910006},
}

@Comment{jabref-meta: databaseType:bibtex;}
